@Misc{Vries,
  author       = {de Vries, Fokko K. and Wang, Qingzhen and Goswami, Srijit},
  howpublished = {Private communications},
}

@misc{Nijholt2019,
  doi = {10.5281/zenodo.1182437},
  author = {Bas Nijholt and Joseph Weston and Jorn Hoofwijk and Anton Akhmerov},
  title = {\textit{Adaptive}: parallel active learning of mathematical functions},
  publisher = {Zenodo},
  year = {2019}
}
