@preamble{ {\providecommand{\BIBYu}{Yu} } }


% Below is from `chapter_supercurrent/not_on_crossref.bib`.

@Article{Bulaevskii1977,
  author  = {Bulaevskii, L N and Kuzii, V V and Sobyanin, A A},
  title   = {Superconducting system with weak coupling to the current in the ground state},
  journal = {JETP Lett},
  year    = {1977},
  volume  = {25},
  number  = {7},
  pages   = {290--294},
  url     = {http://www.jetpletters.ac.ru/ps/1410/article_21163.pdf},
}

@Article{Buzdin1982,
  author  = {Buzdin, A I and Bulaevskii, L N and Panyukov, S V},
  title   = {Critical-current oscillations as a function of the exchange field and thickness of the ferromagnetic metal (F) in an SFS Josephson junction},
  journal = {JETP Lett},
  year    = {1982},
  volume  = {35},
  number  = {178},
  pages   = {103--104},
  url     = {http://www.jetpletters.ac.ru/ps/1314/article_19853.pdf},
}

% Below is from `chapter_orbitalfield/not_on_crossref.bib`.

@data{Nijholt2016_supplemental,
	author = {Nijholt, Bas and Akhmerov, Anton R.},
	note = {See Supplemental Material at http://link.aps.org/supplemental/10.1103/PhysRevB.93.235434 for the source code that produces the data and figures.},
	year = {2016},
}

% Below is from `chapter_spinorbit/not_on_crossref.bib`.

@Article{Aguado2017,
  author  = {Aguado, R.},
  title   = {Majorana quasiparticles in condensed matter},
  journal = {Riv. Nuovo Cimento},
  year    = {2017},
  volume  = {40},
  pages   = {523--593},
  doi     = {10.1393/ncr/i2017-10141-9},
  issue   = {11},
}

@Book{Tinkham2004,
  title     = {Introduction to Superconductivity},
  publisher = {Dover Publications},
  year      = {2004},
  author    = {Tinkham, M.},
  type      = {Book},
}

% Below is from `chapter_shortjunction/not_on_crossref.bib`.

@Book{Kopnin2001,
  Title                    = {Theory of nonequilibrium superconductivity},
  Author                   = {Kopnin, N. B},
  Publisher                = {Clarendon Press ; Oxford University Press},
  Year                     = {2001},
  Address                  = {Oxford; New York},
  ISBN                     = {0198507887 9780198507888},
  Language                 = {English}
}

@Book{Merzbacher1997,
  Title                    = {{Quantum Mechanics}},
  Author                   = {Merzbacher, Eugen},
  Publisher                = {Wiley},
  Year                     = {1997},
  Edition                  = {3},
  Month                    = dec,
  Day                      = {24},
  HowPublished             = {Paperback},
  ISBN                     = {0471887021},
  Keywords                 = {qm},
  Posted-at                = {2007-05-06 15:22:20},
  Priority                 = {0},
  Url                      = {http://www.worldcat.org/isbn/0471887021}
}

@Book{Schmidt1997,
  Title                    = {The physics of superconductors : Introduction to fundamentals and applications},
  Author                   = {Schmidt, V. V.},
  Publisher                = {Springer},
  Year                     = {1997},
  Address                  = {Berlin; New York},
  ISSN                     = {3540612432 9783540612438 3642082513 9783642082511},
  Refid                    = {36621751}
}

@Article{Andreev1964,
  Title                    = {The Thermal Conductivity of the Intermediate State in Superconductors},
  Author                   = {A. F. Andreev},
  Journal                  = {J. Exp. Theor. Phys.},
  Year                     = {1964},
  Number                   = {5},
  Pages                    = {1823--1828},
  Volume                   = {46}
}

% Below is from all `yaml` files.

@article{Aasen2016,
	doi = {10.1103/physrevx.6.031016},
	year = 2016,
	month = {aug},
	publisher = {American Physical Society ({APS})},
	volume = {6},
	number = {3},
	author = {David Aasen and Michael Hell and Ryan V. Mishmash and Andrew Higginbotham and Jeroen Danon and Martin Leijnse and Thomas S. Jespersen and Joshua A. Folk and Charles M. Marcus and Karsten Flensberg and Jason Alicea},
	title = {Milestones Toward {M}ajorana-Based Quantum Computing},
	journal = {Phys. Rev. X}
}

@article{Adagideli2014,
	doi = {10.1103/physrevb.89.144506},
	year = 2014,
	month = {apr},
	publisher = {American Physical Society ({APS})},
	volume = {89},
	number = {14},
	author = {{\.{I}}. Adagideli and M. Wimmer and A. Teker},
	title = {Effects of electron scattering on the topological properties of nanowires: {M}ajorana fermions from disorder and superlattices},
	journal = {Phys. Rev. B}
}

@article{Albrecht2016,
	doi = {10.1038/nature17162},
	year = 2016,
	month = {mar},
	publisher = {Springer Science and Business Media {LLC}},
	volume = {531},
	number = {7593},
	pages = {206--209},
	author = {S. M. Albrecht and A. P. Higginbotham and M. Madsen and F. Kuemmeth and T. S. Jespersen and J. Nyg{\aa}rd and P. Krogstrup and C. M. Marcus},
	title = {Exponential protection of zero modes in {M}ajorana islands},
	journal = {Nature}
}

@article{Alicea2012,
	doi = {10.1088/0034-4885/75/7/076501},
	year = 2012,
	month = {jun},
	publisher = {{IOP} Publishing},
	volume = {75},
	number = {7},
	pages = {076501},
	author = {Jason Alicea},
	title = {New directions in the pursuit of {M}ajorana fermions in solid state systems},
	journal = {Rep. Prog. Phys.}
}

@article{Altland1997,
	doi = {10.1103/physrevb.55.1142},
	year = 1997,
	month = {jan},
	publisher = {American Physical Society ({APS})},
	volume = {55},
	number = {2},
	pages = {1142--1161},
	author = {Alexander Altland and Martin R. Zirnbauer},
	title = {Nonstandard symmetry classes in mesoscopic normal-superconducting hybrid structures},
	journal = {Phys. Rev. B}
}

@article{Antipov2018,
	doi = {10.1103/physrevx.8.031041},
	year = 2018,
	month = {aug},
	publisher = {American Physical Society ({APS})},
	volume = {8},
	number = {3},
	author = {Andrey E. Antipov and Arno Bargerbos and Georg W. Winkler and Bela Bauer and Enrico Rossi and Roman M. Lutchyn},
	title = {Effects of Gate-Induced Electric Fields on Semiconductor {M}ajorana Nanowires},
	journal = {Phys. Rev. X}
}

@article{Bardarson2008,
	doi = {10.1088/1751-8113/41/40/405203},
	year = 2008,
	month = {sep},
	publisher = {{IOP} Publishing},
	volume = {41},
	number = {40},
	pages = {405203},
	author = {J H Bardarson},
	title = {A proof of the {K}ramers degeneracy of transmission eigenvalues from antisymmetry of the scattering matrix},
	journal = {J. Phys. A: Math. Theor.}
}

@article{Beenakker1991,
	doi = {10.1103/physrevlett.67.3836},
	year = 1991,
	month = {dec},
	publisher = {American Physical Society ({APS})},
	volume = {67},
	number = {27},
	pages = {3836--3839},
	author = {C. W. J. Beenakker},
	title = {Universal limit of critical-current fluctuations in mesoscopic {J}osephson junctions},
	journal = {Phys. Rev. Lett.}
}

@article{Beenakker1992,
	doi = {10.1103/physrevb.46.12841},
	year = 1992,
	month = {nov},
	publisher = {American Physical Society ({APS})},
	volume = {46},
	number = {19},
	pages = {12841--12844},
	author = {C. W. J. Beenakker},
	title = {Quantum transport in semiconductor-superconductor microjunctions},
	journal = {Phys. Rev. B}
}

@article{Beenakker1997,
	doi = {10.1103/revmodphys.69.731},
	year = 1997,
	month = {jul},
	publisher = {American Physical Society ({APS})},
	volume = {69},
	number = {3},
	pages = {731--808},
	author = {C. W. J. Beenakker},
	title = {Random-matrix theory of quantum transport},
	journal = {Rev. Mod. Phys.}
}

@incollection{Beenakker2005,
	doi = {10.1007/11358817_4},
	year = 2005,
	month = {mar},
	publisher = {Springer Berlin Heidelberg},
	pages = {131--174},
	author = {C.W.J. Beenakker},
	title = {{A}ndreev Billiards},
	booktitle = {Quantum Dots: a Doorway to Nanoscale Physics}
}

@article{Beenakker2013,
	doi = {10.1146/annurev-conmatphys-030212-184337},
	year = 2013,
	month = {apr},
	publisher = {Annual Reviews},
	volume = {4},
	number = {1},
	pages = {113--136},
	author = {C.W.J. Beenakker},
	title = {Search for {M}ajorana Fermions in Superconductors},
	journal = {Annu. Rev. Condens. Matter Phys.}
}

@article{Beenakker2015,
	doi = {10.1103/revmodphys.87.1037},
	year = 2015,
	month = {sep},
	publisher = {American Physical Society ({APS})},
	volume = {87},
	number = {3},
	pages = {1037--1066},
	author = {C.{\hspace{0.167em}}W.{\hspace{0.167em}}J. Beenakker},
	title = {Random-matrix theory of {M}ajorana fermions and topological superconductors},
	journal = {Rev. Mod. Phys.}
}

@article{BenDaniel1966,
	doi = {10.1103/physrev.152.683},
	year = 1966,
	month = {dec},
	publisher = {American Physical Society ({APS})},
	volume = {152},
	number = {2},
	pages = {683--692},
	author = {D. J. BenDaniel and C. B. Duke},
	title = {Space-Charge Effects on Electron Tunneling},
	journal = {Phys. Rev.}
}

@article{Bezuglyi2002,
	doi = {10.1103/physrevb.66.052508},
	year = 2002,
	month = {aug},
	publisher = {American Physical Society ({APS})},
	volume = {66},
	number = {5},
	author = {E. V. Bezuglyi and A. S. Rozhavsky and I. D. Vagner and P. Wyder},
	title = {Combined effect of Zeeman splitting and spin-orbit interaction on the {J}osephson current in a superconductor{\textendash}two-dimensional electron gas{\textendash}superconductor structure},
	journal = {Phys. Rev. B}
}

@article{Blonder1982,
	doi = {10.1103/physrevb.25.4515},
	year = 1982,
	month = {apr},
	publisher = {American Physical Society ({APS})},
	volume = {25},
	number = {7},
	pages = {4515--4532},
	author = {G. E. Blonder and M. Tinkham and T. M. Klapwijk},
	title = {Transition from metallic to tunneling regimes in superconducting microconstrictions: Excess current, charge imbalance, and supercurrent conversion},
	journal = {Phys. Rev. B}
}

@article{Bocquillon2016,
	doi = {10.1038/nnano.2016.159},
	year = 2016,
	month = {aug},
	publisher = {Springer Nature},
	volume = {12},
	number = {2},
	pages = {137--143},
	author = {Erwann Bocquillon and Russell S. Deacon and Jonas Wiedenmann and Philipp Leubner and Teunis M. Klapwijk and Christoph Br\"{u}ne and Koji Ishibashi and Hartmut Buhmann and Laurens W. Molenkamp},
	title = {Gapless {A}ndreev bound states in the quantum spin Hall insulator {HgTe}},
	journal = {Nat. Nanotechnol.}
}

@article{Car2014,
	doi = {10.1002/adma.201400924},
	year = 2014,
	month = {apr},
	publisher = {Wiley},
	volume = {26},
	number = {28},
	pages = {4875--4879},
	author = {Diana Car and Jia Wang and Marcel A. Verheijen and Erik P. A. M. Bakkers and S{\'{e}}bastien R. Plissard},
	title = {Rationally Designed Single-Crystalline Nanowire Networks},
	journal = {Adv. Mater.}
}

@article{Chang2015,
	doi = {10.1038/nnano.2014.306},
	year = 2015,
	month = {jan},
	publisher = {Springer Nature},
	volume = {10},
	number = {3},
	pages = {232--236},
	author = {W. Chang and S. M. Albrecht and T. S. Jespersen and F. Kuemmeth and P. Krogstrup and J. Nyg{\aa}rd and C. M. Marcus},
	title = {Hard gap in epitaxial semiconductor{\textendash}superconductor nanowires},
	journal = {Nat. Nanotechnol.}
}

@article{Chauvin2006,
	doi = {10.1103/physrevlett.97.067006},
	year = 2006,
	month = {aug},
	publisher = {American Physical Society ({APS})},
	volume = {97},
	number = {6},
	author = {M. Chauvin and P. vom Stein and H. Pothier and P. Joyez and M. E. Huber and D. Esteve and C. Urbina},
	title = {Superconducting Atomic Contacts under Microwave Irradiation},
	journal = {Phys. Rev. Lett.}
}

@article{Chen2017,
	doi = {10.1126/sciadv.1701476},
	year = 2017,
	month = {sep},
	publisher = {American Association for the Advancement of Science ({AAAS})},
	volume = {3},
	number = {9},
	pages = {e1701476},
	author = {Jun Chen and Peng Yu and John Stenger and Mo\"{i}ra Hocevar and Diana Car and S{\'{e}}bastien R. Plissard and Erik P. A. M. Bakkers and Tudor D. Stanescu and Sergey M. Frolov},
	title = {Experimental phase diagram of zero-bias conductance peaks in superconductor/semiconductor nanowire devices},
	journal = {Sci. Adv.}
}

@article{Cheng2012,
	doi = {10.1103/physrevb.86.134522},
	year = 2012,
	month = {oct},
	publisher = {American Physical Society ({APS})},
	volume = {86},
	number = {13},
	author = {Meng Cheng and Roman M. Lutchyn},
	title = {{J}osephson current through a superconductor/semiconductor-nanowire/superconductor junction: Effects of strong spin-orbit coupling and Zeeman splitting},
	journal = {Phys. Rev. B}
}

@article{Churchill2013,
	doi = {10.1103/physrevb.87.241401},
	year = 2013,
	month = {jun},
	publisher = {American Physical Society ({APS})},
	volume = {87},
	number = {24},
	author = {H. O. H. Churchill and V. Fatemi and K. Grove-Rasmussen and M. T. Deng and P. Caroff and H. Q. Xu and C. M. Marcus},
	title = {Superconductor-nanowire devices from tunneling to the multichannel regime: Zero-bias oscillations and magnetoconductance crossover},
	journal = {Phys. Rev. B}
}

@article{Cleuziou2006,
	doi = {10.1038/nnano.2006.54},
	year = 2006,
	month = {oct},
	publisher = {Springer Nature},
	volume = {1},
	number = {1},
	pages = {53--59},
	author = {J.-P. Cleuziou and W. Wernsdorfer and V. Bouchiat and T. Ondar{\c{c}}uhu and M. Monthioux},
	title = {Carbon nanotube superconducting quantum interference device},
	journal = {Nat. Nanotechnol.}
}

@article{Clogston1962,
	doi = {10.1103/physrevlett.9.266},
	year = 1962,
	month = {sep},
	publisher = {American Physical Society ({APS})},
	volume = {9},
	number = {6},
	pages = {266--267},
	author = {A. M. Clogston},
	title = {Upper Limit for the Critical Field in Hard Superconductors},
	journal = {Phys. Rev. Lett.}
}

@article{Cole2015,
	doi = {10.1103/physrevb.92.174511},
	year = 2015,
	month = {nov},
	publisher = {American Physical Society ({APS})},
	volume = {92},
	number = {17},
	author = {William S. Cole and S. Das Sarma and Tudor D. Stanescu},
	title = {Effects of large induced superconducting gap on semiconductor {M}ajorana nanowires},
	journal = {Phys. Rev. B}
}

@article{Cole2016,
	doi = {10.1103/physrevb.94.140505},
	year = 2016,
	month = {oct},
	publisher = {American Physical Society ({APS})},
	volume = {94},
	number = {14},
	author = {William S. Cole and Jay D. Sau and S. Das Sarma},
	title = {Proximity effect and {M}ajorana bound states in clean semiconductor nanowires coupled to disordered superconductors},
	journal = {Phys. Rev. B}
}

@article{Courtois2008,
	doi = {10.1103/physrevlett.101.067002},
	year = 2008,
	month = {aug},
	publisher = {American Physical Society ({APS})},
	volume = {101},
	number = {6},
	author = {H. Courtois and M. Meschke and J. T. Peltonen and J. P. Pekola},
	title = {Origin of Hysteresis in a Proximity {J}osephson Junction},
	journal = {Phys. Rev. Lett.}
}

@article{Cuevas2007,
	doi = {10.1103/physrevlett.99.217002},
	year = 2007,
	month = {nov},
	publisher = {American Physical Society ({APS})},
	volume = {99},
	number = {21},
	author = {J. C. Cuevas and F. S. Bergeret},
	title = {Magnetic Interference Patterns and Vortices in Diffusive {SNS} Junctions},
	journal = {Phys. Rev. Lett.}
}

@article{Dam2006,
	doi = {10.1038/nature05018},
	year = 2006,
	month = {aug},
	publisher = {Springer Nature},
	volume = {442},
	number = {7103},
	pages = {667--670},
	author = {Jorden A. van Dam and Yuli V. Nazarov and Erik P. A. M. Bakkers and Silvano De Franceschi and Leo P. Kouwenhoven},
	title = {Supercurrent reversal in quantum dots},
	journal = {Nature}
}

@article{Danon2017,
	doi = {10.1103/physrevb.96.125420},
	year = 2017,
	month = {sep},
	publisher = {American Physical Society ({APS})},
	volume = {96},
	number = {12},
	author = {Jeroen Danon and Esben B. Hansen and Karsten Flensberg},
	title = {Conductance spectroscopy on {M}ajorana wires and the inverse proximity effect},
	journal = {Phys. Rev. B}
}

@article{Das2012,
	doi = {10.1038/nphys2479},
	year = 2012,
	month = {nov},
	publisher = {Springer Science and Business Media {LLC}},
	volume = {8},
	number = {12},
	pages = {887--895},
	author = {Anindya Das and Yuval Ronen and Yonatan Most and Yuval Oreg and Moty Heiblum and Hadas Shtrikman},
	title = {Zero-bias peaks and splitting in an Al{\textendash}{InAs} nanowire topological superconductor as a signature of {M}ajorana fermions},
	journal = {Nat. Phys.}
}

@article{Deacon2017,
	doi = {10.1103/physrevx.7.021011},
	year = 2017,
	month = {apr},
	publisher = {American Physical Society ({APS})},
	volume = {7},
	number = {2},
	author = {R.{\hspace{0.167em}}S. Deacon and J. Wiedenmann and E. Bocquillon and F. Dom{\'{\i}}nguez and T.{\hspace{0.167em}}M. Klapwijk and P. Leubner and C. Br\"{u}ne and E.{\hspace{0.167em}}M. Hankiewicz and S. Tarucha and K. Ishibashi and H. Buhmann and L.{\hspace{0.167em}}W. Molenkamp},
	title = {{J}osephson Radiation from Gapless {A}ndreev Bound States in {HgTe}-Based Topological Junctions},
	journal = {Phys. Rev. X}
}

@article{Demler1997,
	doi = {10.1103/physrevb.55.15174},
	year = 1997,
	month = {jun},
	publisher = {American Physical Society ({APS})},
	volume = {55},
	number = {22},
	pages = {15174--15182},
	author = {E. A. Demler and G. B. Arnold and M. R. Beasley},
	title = {Superconducting proximity effects in magnetic metals},
	journal = {Phys. Rev. B}
}

@article{Deng2012,
	doi = {10.1021/nl303758w},
	year = 2012,
	month = {nov},
	publisher = {American Chemical Society ({ACS})},
	volume = {12},
	number = {12},
	pages = {6414--6419},
	author = {M. T. Deng and C. L. Yu and G. Y. Huang and M. Larsson and P. Caroff and H. Q. Xu},
	title = {Anomalous Zero-Bias Conductance Peak in a Nb{\textendash}{InSb} Nanowire{\textendash}Nb Hybrid Device},
	journal = {Nano Lett.}
}

@article{Deng2014,
	doi = {10.1038/srep07261},
	year = 2014,
	month = {dec},
	publisher = {Springer Science and Business Media {LLC}},
	volume = {4},
	number = {1},
	author = {M. T. Deng and C. L. Yu and G. Y. Huang and M. Larsson and P. Caroff and H. Q. Xu},
	title = {Parity independence of the zero-bias conductance peak in a nanowire based topological superconductor-quantum dot hybrid device},
	journal = {Sci. Rep.}
}

@article{Deng2016,
	doi = {10.1126/science.aaf3961},
	year = 2016,
	month = {dec},
	publisher = {American Association for the Advancement of Science ({AAAS})},
	volume = {354},
	number = {6319},
	pages = {1557--1562},
	author = {M. T. Deng and S. Vaitiek{\.{e}}nas and E. B. Hansen and J. Danon and M. Leijnse and K. Flensberg and J. Nyg{\aa}rd and P. Krogstrup and C. M. Marcus},
	title = {{M}ajorana bound state in a coupled quantum-dot hybrid-nanowire system},
	journal = {Science}
}

@article{Diez2012,
	doi = {10.1103/physrevb.86.094501},
	year = 2012,
	month = {sep},
	publisher = {American Physical Society ({APS})},
	volume = {86},
	number = {9},
	author = {M. Diez and J. P. Dahlhaus and M. Wimmer and C. W. J. Beenakker},
	title = {{A}ndreev reflection from a topological superconductor with chiral symmetry},
	journal = {Phys. Rev. B}
}

@article{Dimitrova2006,
	doi = {10.1134/s1063776106040157},
	year = 2006,
	month = {apr},
	publisher = {Pleiades Publishing Ltd},
	volume = {102},
	number = {4},
	pages = {652--660},
	author = {O. V. Dimitrova and M. V. Feigel'man},
	title = {Two-dimensional S-N-S junction with Rashba spin-orbit coupling},
	journal = {J. Exp. Theor. Phys.}
}

@article{Dinsmore2008,
	doi = {10.1063/1.3012360},
	year = 2008,
	month = {nov},
	publisher = {{AIP} Publishing},
	volume = {93},
	number = {19},
	pages = {192505},
	author = {R. C. Dinsmore and Myung-Ho Bae and A. Bezryadin},
	title = {Fractional order Shapiro steps in superconducting nanowires},
	journal = {Appl. Phys. Lett.}
}

@article{Doh2005,
	doi = {10.1126/science.1113523},
	year = 2005,
	month = {jul},
	publisher = {American Association for the Advancement of Science ({AAAS})},
	volume = {309},
	number = {5732},
	pages = {272--275},
	author = {Y.-J. Doh},
	title = {Tunable Supercurrent Through Semiconductor Nanowires},
	journal = {Science}
}

@article{Du1999,
	doi = {10.1137/s0036142997330317},
	year = 1999,
	month = {jan},
	publisher = {Society for Industrial {\&} Applied Mathematics ({SIAM})},
	volume = {36},
	number = {5},
	pages = {1482--1506},
	author = {Qiang Du and Xiaonan Wu},
	title = {Numerical Solution of the Three-Dimensional Ginzburg--Landau Models Using Artificial Boundary},
	journal = {{SIAM} J. Numer. Anal.}
}

@article{Dubos2001,
	doi = {10.1103/physrevlett.87.206801},
	year = 2001,
	month = {oct},
	publisher = {American Physical Society ({APS})},
	volume = {87},
	number = {20},
	author = {P. Dubos and H. Courtois and O. Buisson and B. Pannetier},
	title = {Coherent Low-Energy Charge Transport in a Diffusive S-N-S Junction},
	journal = {Phys. Rev. Lett.}
}

@article{Elliott2015,
	doi = {10.1103/revmodphys.87.137},
	year = 2015,
	month = {feb},
	publisher = {American Physical Society ({APS})},
	volume = {87},
	number = {1},
	pages = {137--163},
	author = {Steven R. Elliott and Marcel Franz},
	title = {Colloquium: {M}ajorana fermions in nuclear, particle, and solid-state physics},
	journal = {Rev. Mod. Phys.}
}

@article{Fasth2007,
	doi = {10.1103/physrevlett.98.266801},
	year = 2007,
	month = {jun},
	publisher = {American Physical Society ({APS})},
	volume = {98},
	number = {26},
	author = {C. Fasth and A. Fuhrer and L. Samuelson and Vitaly N. Golovach and Daniel Loss},
	title = {Direct Measurement of the Spin-Orbit Interaction in a Two-Electron {InAs} Nanowire Quantum Dot},
	journal = {Phys. Rev. Lett.}
}

@article{Finck2013,
	doi = {10.1103/physrevlett.110.126406},
	year = 2013,
	month = {mar},
	publisher = {American Physical Society ({APS})},
	volume = {110},
	number = {12},
	author = {A. D. K. Finck and D. J. Van Harlingen and P. K. Mohseni and K. Jung and X. Li},
	title = {Anomalous Modulation of a Zero-Bias Peak in a Hybrid Nanowire-Superconductor Device},
	journal = {Phys. Rev. Lett.}
}

@article{Floehr2011,
	doi = {10.1063/1.3657135},
	year = 2011,
	month = {nov},
	publisher = {{AIP} Publishing},
	volume = {82},
	number = {11},
	pages = {113705},
	author = {Kilian Fl\"{o}hr and Marcus Liebmann and Kamil Sladek and H. Yusuf G\"{u}nel and Robert Frielinghaus and Fabian Haas and Carola Meyer and Hilde Hardtdegen and Thomas Schäpers and Detlev Gr\"{u}tzmacher and Markus Morgenstern},
	title = {Manipulating {InAs} nanowires with submicrometer precision},
	journal = {Rev. Sci. Instrum.}
}

@article{Fu2008,
	doi = {10.1103/physrevlett.100.096407},
	year = 2008,
	month = {mar},
	publisher = {American Physical Society ({APS})},
	volume = {100},
	number = {9},
	author = {Liang Fu and C. L. Kane},
	title = {Superconducting Proximity Effect and {M}ajorana Fermions at the Surface of a Topological Insulator},
	journal = {Phys. Rev. Lett.}
}

@article{Gazibegovic2017,
	doi = {10.1038/nature23468},
	year = 2017,
	month = {aug},
	publisher = {Springer Nature},
	volume = {548},
	number = {7668},
	pages = {434--438},
	author = {Sasa Gazibegovic and Diana Car and Hao Zhang and Stijn C. Balk and John A. Logan and Michiel W. A. de Moor and Maja C. Cassidy and Rudi Schmits and Di Xu and Guanzhong Wang and Peter Krogstrup and Roy L. M. Op het Veld and Kun Zuo and Yoram Vos and Jie Shen and Dani\"{e}l Bouman and Borzoyeh Shojaei and Daniel Pennachio and Joon Sue Lee and Petrus J. van Veldhoven and Sebastian Koelling and Marcel A. Verheijen and Leo P. Kouwenhoven and Chris J. Palmstr{\o}m and Erik P. A. M. Bakkers},
	title = {Epitaxy of advanced nanowire quantum devices},
	journal = {Nature}
}

@article{Gennes1963,
	doi = {10.1016/0031-9163(63)90148-3},
	year = 1963,
	month = {mar},
	publisher = {Elsevier {BV}},
	volume = {4},
	number = {2},
	pages = {151--152},
	author = {P.G. de Gennes and D. Saint-James},
	title = {Elementary excitations in the vicinity of a normal metal-superconducting metal contact},
	journal = {Phys. Lett.}
}

@book{Gennes1999,
	doi = {10.1201/9780429497032},
	year = 2018,
	month = {mar},
	publisher = {{CRC} Press},
	author = {P. G. De Gennes},
	title = {Superconductivity of Metals and Alloys}
}

@article{Gharavi2015,
	doi = {10.1103/physrevb.91.245436},
	year = 2015,
	month = {jun},
	publisher = {American Physical Society ({APS})},
	volume = {91},
	number = {24},
	author = {Kaveh Gharavi and Jonathan Baugh},
	title = {Orbital {J}osephson interference in a nanowire proximity-effect junction},
	journal = {Phys. Rev. B}
}

@article{Gharavi2017,
	doi = {10.1088/1361-6528/aa5643},
	year = 2017,
	month = {jan},
	publisher = {{IOP} Publishing},
	volume = {28},
	number = {8},
	pages = {085202},
	author = {Kaveh Gharavi and Gregory W Holloway and Ray R LaPierre and Jonathan Baugh},
	title = {Nb/{InAs} nanowire proximity junctions from {J}osephson to quantum dot regimes},
	journal = {Nanotechnology}
}

@article{Goffman2017,
	doi = {10.1088/1367-2630/aa7641},
	year = 2017,
	month = {sep},
	publisher = {{IOP} Publishing},
	volume = {19},
	number = {9},
	pages = {092002},
	author = {M F Goffman and C Urbina and H Pothier and J Nyg\r{a}rd and C M Marcus and P Krogstrup},
	title = {Conduction channels of an {InAs}-Al nanowire {J}osephson weak link},
	journal = {New J. Phys.}
}

@article{Golubov1996,
	doi = {10.1016/0921-4534(96)00013-5},
	year = 1996,
	month = {mar},
	publisher = {Elsevier {BV}},
	volume = {259},
	number = {1-2},
	pages = {27--35},
	author = {A.A. Golubov and M.Yu. Kupriyanov},
	title = {Quasiparticle current in ballistic {NcN}$\prime$S junctions},
	journal = {Physica C: Superconductivity and its Applications}
}

@article{Gropp1996,
	doi = {10.1006/jcph.1996.0022},
	year = 1996,
	month = {feb},
	publisher = {Elsevier {BV}},
	volume = {123},
	number = {2},
	pages = {254--266},
	author = {William D. Gropp and Hans G. Kaper and Gary K. Leaf and David M. Levine and Mario Palumbo and Valerii M. Vinokur},
	title = {Numerical Simulation of Vortex Dynamics in Type-{II} Superconductors},
	journal = {J. Comput. Phys.}
}

@article{Groth2014,
	doi = {10.1088/1367-2630/16/6/063065},
	year = 2014,
	month = {jun},
	publisher = {{IOP} Publishing},
	volume = {16},
	number = {6},
	pages = {063065},
	author = {Christoph W Groth and Michael Wimmer and Anton R Akhmerov and Xavier Waintal},
	title = {Kwant: a software package for quantum transport},
	journal = {New J. Phys.}
}

@article{Guel2017,
	doi = {10.1021/acs.nanolett.7b00540},
	year = 2017,
	month = {apr},
	publisher = {American Chemical Society ({ACS})},
	volume = {17},
	number = {4},
	pages = {2690--2696},
	author = {\"{O}nder G\"{u}l and Hao Zhang and Folkert K. de Vries and Jasper van Veen and Kun Zuo and Vincent Mourik and Sonia Conesa-Boj and Micha{\l} P. Nowak and David J. van Woerkom and Marina Quintero-P{\'{e}}rez and Maja C. Cassidy and Attila Geresdi and Sebastian Koelling and Diana Car and S{\'{e}}bastien R. Plissard and Erik P. A. M. Bakkers and Leo P. Kouwenhoven},
	title = {Hard Superconducting Gap in {InSb} Nanowires},
	journal = {Nano Lett.}
}

@article{Guel2018,
	doi = {10.1038/s41565-017-0032-8},
	year = 2018,
	month = {jan},
	publisher = {Springer Nature},
	volume = {13},
	number = {3},
	pages = {192--197},
	author = {\"{O}nder G\"{u}l and Hao Zhang and Jouri D. S. Bommer and Michiel W. A. de Moor and Diana Car and S{\'{e}}bastien R. Plissard and Erik P. A. M. Bakkers and Attila Geresdi and Kenji Watanabe and Takashi Taniguchi and Leo P. Kouwenhoven},
	title = {Ballistic {M}ajorana nanowire devices},
	journal = {Nat. Nanotechnol.}
}

@article{Hansen2005,
	doi = {10.1103/physrevb.71.205328},
	year = 2005,
	month = {may},
	publisher = {American Physical Society ({APS})},
	volume = {71},
	number = {20},
	author = {A. E. Hansen and M. T. Bj\"{o}rk and C. Fasth and C. Thelander and L. Samuelson},
	title = {Spin relaxation in {InAs} nanowires studied by tunable weak antilocalization},
	journal = {Phys. Rev. B}
}

@article{Heck2014,
	doi = {10.1103/physrevb.90.155450},
	year = 2014,
	month = {oct},
	publisher = {American Physical Society ({APS})},
	volume = {90},
	number = {15},
	author = {B. van Heck and S. Mi and A. R. Akhmerov},
	title = {Single fermion manipulation via superconducting phase differences in multiterminal {J}osephson junctions},
	journal = {Phys. Rev. B}
}

@article{Heck2017,
	doi = {10.1103/physrevb.96.075404},
	year = 2017,
	month = {aug},
	publisher = {American Physical Society ({APS})},
	volume = {96},
	number = {7},
	author = {B. van Heck and J. I. Väyrynen and L. I. Glazman},
	title = {Zeeman and spin-orbit effects in the {A}ndreev spectra of nanowire junctions},
	journal = {Phys. Rev. B}
}

@article{Hofstadter1976,
	doi = {10.1103/physrevb.14.2239},
	year = 1976,
	month = {sep},
	publisher = {American Physical Society ({APS})},
	volume = {14},
	number = {6},
	pages = {2239--2249},
	author = {Douglas R. Hofstadter},
	title = {Energy levels and wave functions of Bloch electrons in rational and irrational magnetic fields},
	journal = {Phys. Rev. B}
}

@article{Hyart2013,
	doi = {10.1103/physrevb.88.035121},
	year = 2013,
	month = {jul},
	publisher = {American Physical Society ({APS})},
	volume = {88},
	number = {3},
	author = {T. Hyart and B. van Heck and I. C. Fulga and M. Burrello and A. R. Akhmerov and C. W. J. Beenakker},
	title = {Flux-controlled quantum computation with {M}ajorana fermions},
	journal = {Phys. Rev. B}
}

@article{Isaacson1968,
	doi = {10.1103/physrev.169.312},
	year = 1968,
	month = {may},
	publisher = {American Physical Society ({APS})},
	volume = {169},
	number = {2},
	pages = {312--314},
	author = {R. A. Isaacson},
	title = {Electron Spin Resonance inn-Type {InSb}},
	journal = {Phys. Rev.}
}

@article{Kammhuber2016,
	doi = {10.1021/acs.nanolett.6b00051},
	year = 2016,
	month = {may},
	publisher = {American Chemical Society ({ACS})},
	volume = {16},
	number = {6},
	pages = {3482--3486},
	author = {Jakob Kammhuber and Maja C. Cassidy and Hao Zhang and \"{O}nder G\"{u}l and Fei Pei and Michiel W. A. de Moor and Bas Nijholt and Kenji Watanabe and Takashi Taniguchi and Diana Car and S{\'{e}}bastien R. Plissard and Erik P. A. M. Bakkers and Leo P. Kouwenhoven},
	title = {Conductance Quantization at Zero Magnetic Field in {InSb} Nanowires},
	journal = {Nano Lett.}
}

@article{Kammhuber2017,
	doi = {10.1038/s41467-017-00315-y},
	year = 2017,
	month = {sep},
	publisher = {Springer Nature},
	volume = {8},
	number = {1},
	author = {J. Kammhuber and M. C. Cassidy and F. Pei and M. P. Nowak and A. Vuik and \"{O}. G\"{u}l and D. Car and S. R. Plissard and E. P. A. M. Bakkers and M. Wimmer and L. P. Kouwenhoven},
	title = {Conductance through a helical state in an Indium antimonide nanowire},
	journal = {Nat. Commun.}
}

@article{Karzig2017,
	doi = {10.1103/physrevb.95.235305},
	year = 2017,
	month = {jun},
	publisher = {American Physical Society ({APS})},
	volume = {95},
	number = {23},
	author = {Torsten Karzig and Christina Knapp and Roman M. Lutchyn and Parsa Bonderson and Matthew B. Hastings and Chetan Nayak and Jason Alicea and Karsten Flensberg and Stephan Plugge and Yuval Oreg and Charles M. Marcus and Michael H. Freedman},
	title = {Scalable designs for quasiparticle-poisoning-protected topological quantum computation with {M}ajorana zero modes},
	journal = {Phys. Rev. B}
}

@article{Kautz1990,
	doi = {10.1103/physrevb.42.9903},
	year = 1990,
	month = {dec},
	publisher = {American Physical Society ({APS})},
	volume = {42},
	number = {16},
	pages = {9903--9937},
	author = {R. L. Kautz and John M. Martinis},
	title = {Noise-{affectedI}-Vcurves in small hysteretic {J}osephson junctions},
	journal = {Phys. Rev. B}
}

@article{Kitaev2001,
	doi = {10.1070/1063-7869/44/10s/s29},
	year = 2001,
	month = {oct},
	publisher = {Uspekhi Fizicheskikh Nauk ({UFN}) Journal},
	volume = {44},
	number = {10S},
	pages = {131--136},
	author = {A Yu {K}itaev},
	title = {Unpaired {M}ajorana fermions in quantum wires},
	journal = {Phys. Usp.}
}

@article{Kitaev2003,
	doi = {10.1016/s0003-4916(02)00018-0},
	year = 2003,
	month = {jan},
	publisher = {Elsevier {BV}},
	volume = {303},
	number = {1},
	pages = {2--30},
	author = {A.Yu. {K}itaev},
	title = {Fault-tolerant quantum computation by anyons},
	journal = {Ann. Phys.}
}

@article{Klinovaja2012,
	doi = {10.1103/physrevb.86.085408},
	year = 2012,
	month = {aug},
	publisher = {American Physical Society ({APS})},
	volume = {86},
	number = {8},
	author = {Jelena Klinovaja and Daniel Loss},
	title = {Composite {M}ajorana fermion wave functions in nanowires},
	journal = {Phys. Rev. B}
}

@article{Krogstrup2015,
	doi = {10.1038/nmat4176},
	year = 2015,
	month = {jan},
	publisher = {Springer Nature},
	volume = {14},
	number = {4},
	pages = {400--406},
	author = {P. Krogstrup and N. L. B. Ziino and W. Chang and S. M. Albrecht and M. H. Madsen and E. Johnson and J. Nyg{\aa}rd and C.~M. Marcus and T. S. Jespersen},
	title = {Epitaxy of semiconductor{\textendash}superconductor nanowires},
	journal = {Nat. Mater.}
}

@article{Lange2015,
	doi = {10.1103/physrevlett.115.127002},
	year = 2015,
	month = {sep},
	publisher = {American Physical Society ({APS})},
	volume = {115},
	number = {12},
	author = {G. de Lange and B. van Heck and A. Bruno and D.{\hspace{0.167em}}J. van Woerkom and A. Geresdi and S.{\hspace{0.167em}}R. Plissard and E.{\hspace{0.167em}}P.{\hspace{0.167em}}A.{\hspace{0.167em}}M. Bakkers and A.{\hspace{0.167em}}R. Akhmerov and L. DiCarlo},
	title = {Realization of Microwave Quantum Circuits Using Hybrid Superconducting-Semiconducting Nanowire {J}osephson Elements},
	journal = {Phys. Rev. Lett.}
}

@article{Larsen2015,
	doi = {10.1103/physrevlett.115.127001},
	year = 2015,
	month = {sep},
	publisher = {American Physical Society ({APS})},
	volume = {115},
	number = {12},
	author = {T.{\hspace{0.167em}}W. Larsen and K.{\hspace{0.167em}}D. Petersson and F. Kuemmeth and T.{\hspace{0.167em}}S. Jespersen and P. Krogstrup and J. Nyg{\aa}rd and C.{\hspace{0.167em}}M. Marcus},
	title = {Semiconductor-Nanowire-Based Superconducting Qubit},
	journal = {Phys. Rev. Lett.}
}

@article{Lee2019,
	doi = {10.1021/acs.nanolett.9b00494},
	year = 2019,
	month = {mar},
	publisher = {American Chemical Society ({ACS})},
	volume = {19},
	number = {5},
	pages = {3083--3090},
	author = {Joon Sue Lee and Borzoyeh Shojaei and Mihir Pendharkar and Anthony P. McFadden and Younghyun Kim and Henri J. Suominen and Morten Kjaergaard and Fabrizio Nichele and Hao Zhang and Charles M. Marcus and Chris J. Palmstr{\o}m},
	title = {Transport Studies of Epi-Al/{InAs} Two-Dimensional Electron Gas Systems for Required Building-Blocks in Topological Superconductor Networks},
	journal = {Nano Lett.}
}

@article{Lehnert1999,
	doi = {10.1103/physrevlett.82.1265},
	year = 1999,
	month = {feb},
	publisher = {American Physical Society ({APS})},
	volume = {82},
	number = {6},
	pages = {1265--1268},
	author = {K. W. Lehnert and N. Argaman and H.-R. Blank and K. C. Wong and S. J. Allen and E. L. Hu and H. Kroemer},
	title = {Nonequilibrium ac {J}osephson Effect in Mesoscopic Nb-{InAs}-Nb Junctions},
	journal = {Phys. Rev. Lett.}
}

@article{Leijnse2012,
	doi = {10.1088/0268-1242/27/12/124003},
	year = 2012,
	month = {nov},
	publisher = {{IOP} Publishing},
	volume = {27},
	number = {12},
	pages = {124003},
	author = {Martin Leijnse and Karsten Flensberg},
	title = {Introduction to topological superconductivity and {M}ajorana fermions},
	journal = {Semicond. Sci. Technol.}
}

@article{Lim2012,
	doi = {10.1103/physrevb.86.121103},
	year = 2012,
	month = {sep},
	publisher = {American Physical Society ({APS})},
	volume = {86},
	number = {12},
	author = {Jong Soo Lim and Lloren{\c{c}} Serra and Rosa L{\'{o}}pez and Ram{\'{o}}n Aguado},
	title = {Magnetic-field instability of {M}ajorana modes in multiband semiconductor wires},
	journal = {Phys. Rev. B}
}

@article{Lim2013,
	doi = {10.1209/0295-5075/103/37004},
	year = 2013,
	month = {aug},
	publisher = {{IOP} Publishing},
	volume = {103},
	number = {3},
	pages = {37004},
	author = {Jong Soo Lim and Rosa Lopez and Lloren{\c{c}} Serra},
	title = {Emergence of {M}ajorana modes in cylindrical nanowires},
	journal = {{EPL}}
}

@article{Liu2012,
	doi = {10.1103/physrevlett.109.267002},
	year = 2012,
	month = {dec},
	publisher = {American Physical Society ({APS})},
	volume = {109},
	number = {26},
	author = {Jie Liu and Andrew C. Potter and K. T. Law and Patrick A. Lee},
	title = {Zero-Bias Peaks in the Tunneling Conductance of Spin-Orbit-Coupled Superconducting Wires with and without {M}ajorana End-States},
	journal = {Phys. Rev. Lett.}
}

@article{Liu2017,
	doi = {10.1103/physrevb.95.054502},
	year = 2017,
	month = {feb},
	publisher = {American Physical Society ({APS})},
	volume = {95},
	number = {5},
	author = {Chun-Xiao Liu and Jay D. Sau and S. Das Sarma},
	title = {Role of dissipation in realistic {M}ajorana nanowires},
	journal = {Phys. Rev. B}
}

@article{Liu2019,
	doi = {10.1103/physrevb.99.024510},
	year = 2019,
	month = {jan},
	publisher = {American Physical Society ({APS})},
	volume = {99},
	number = {2},
	author = {Chun-Xiao Liu and Jay D. Sau and Tudor D. Stanescu and S. Das Sarma},
	title = {Conductance smearing and anisotropic suppression of induced superconductivity in a {M}ajorana nanowire},
	journal = {Phys. Rev. B}
}

@article{Lutchyn2010,
	doi = {10.1103/physrevlett.105.077001},
	year = 2010,
	month = {aug},
	publisher = {American Physical Society ({APS})},
	volume = {105},
	number = {7},
	author = {Roman M. Lutchyn and Jay D. Sau and S. Das Sarma},
	title = {{M}ajorana Fermions and a Topological Phase Transition in Semiconductor-Superconductor Heterostructures},
	journal = {Phys. Rev. Lett.}
}

@article{Lutchyn2011,
	doi = {10.1103/physrevlett.106.127001},
	year = 2011,
	month = {mar},
	publisher = {American Physical Society ({APS})},
	volume = {106},
	number = {12},
	author = {Roman M. Lutchyn and Tudor D. Stanescu and S. Das Sarma},
	title = {Search for {M}ajorana Fermions in Multiband Semiconducting Nanowires},
	journal = {Phys. Rev. Lett.}
}

@article{Lutchyn2018,
	doi = {10.1038/s41578-018-0003-1},
	year = 2018,
	month = {may},
	publisher = {Springer Science and Business Media {LLC}},
	volume = {3},
	number = {5},
	pages = {52--68},
	author = {R. M. Lutchyn and E. P. A. M. Bakkers and L. P. Kouwenhoven and P. Krogstrup and C. M. Marcus and Y. Oreg},
	title = {{M}ajorana zero modes in superconductor{\textendash}semiconductor heterostructures},
	journal = {Nat. Rev. Mater.}
}

@article{Michelsen2008,
	doi = {10.1103/physrevb.77.184506},
	year = 2008,
	month = {may},
	publisher = {American Physical Society ({APS})},
	volume = {77},
	number = {18},
	author = {J. Michelsen and V. S. Shumeiko and G. Wendin},
	title = {Manipulation with {A}ndreev states in spin active mesoscopic {J}osephson junctions},
	journal = {Phys. Rev. B}
}

@article{Mikkelsen2018,
	doi = {10.1103/physrevx.8.031040},
	year = 2018,
	month = {aug},
	publisher = {American Physical Society ({APS})},
	volume = {8},
	number = {3},
	author = {August E.{\hspace{0.167em}}G. Mikkelsen and Panagiotis Kotetes and Peter Krogstrup and Karsten Flensberg},
	title = {Hybridization at Superconductor-Semiconductor Interfaces},
	journal = {Phys. Rev. X}
}

@article{Moor2018,
	doi = {10.1088/1367-2630/aae61d},
	year = 2018,
	month = {oct},
	publisher = {{IOP} Publishing},
	volume = {20},
	number = {10},
	pages = {103049},
	author = {Michiel W A de Moor and Jouri D S Bommer and Di Xu and Georg W Winkler and Andrey E Antipov and Arno Bargerbos and Guanzhong Wang and Nick van Loo and Roy L M Op het Veld and Sasa Gazibegovic and Diana Car and John A Logan and Mihir Pendharkar and Joon Sue Lee and Erik P A M Bakkers and Chris J Palmstr{\o}m and Roman M Lutchyn and Leo P Kouwenhoven and Hao Zhang},
	title = {Electric field tunable superconductor-semiconductor coupling in {M}ajorana nanowires},
	journal = {New J. Phys.}
}

@article{Mortensen1999,
	doi = {10.1103/physrevb.59.10176},
	year = 1999,
	month = {apr},
	publisher = {American Physical Society ({APS})},
	volume = {59},
	number = {15},
	pages = {10176--10182},
	author = {Niels Asger Mortensen and Karsten Flensberg and Antti-Pekka Jauho},
	title = {Angle dependence of {A}ndreev scattering at semiconductor{\textendash}superconductor interfaces},
	journal = {Phys. Rev. B}
}

@article{Mourik2012,
	doi = {10.1126/science.1222360},
	year = 2012,
	month = {apr},
	publisher = {American Association for the Advancement of Science ({AAAS})},
	volume = {336},
	number = {6084},
	pages = {1003--1007},
	author = {V. Mourik and K. Zuo and S. M. Frolov and S. R. Plissard and E. P. A. M. Bakkers and L. P. Kouwenhoven},
	title = {Signatures of {M}ajorana Fermions in Hybrid Superconductor-Semiconductor Nanowire Devices},
	journal = {Science}
}

@article{Nadj-Perge2012,
	doi = {10.1103/physrevlett.108.166801},
	year = 2012,
	month = {apr},
	publisher = {American Physical Society ({APS})},
	volume = {108},
	number = {16},
	author = {S. Nadj-Perge and V. S. Pribiag and J. W. G. van den Berg and K. Zuo and S. R. Plissard and E. P. A. M. Bakkers and S. M. Frolov and L. P. Kouwenhoven},
	title = {Spectroscopy of Spin-Orbit Quantum Bits in Indium Antimonide Nanowires},
	journal = {Phys. Rev. Lett.}
}

@article{Nayak2008,
	doi = {10.1103/revmodphys.80.1083},
	year = 2008,
	month = {sep},
	publisher = {American Physical Society ({APS})},
	volume = {80},
	number = {3},
	pages = {1083--1159},
	author = {Chetan Nayak and Steven H. Simon and Ady Stern and Michael Freedman and Sankar Das Sarma},
	title = {Non-Abelian anyons and topological quantum computation},
	journal = {Rev. Mod. Phys.}
}

@article{Nichele2017,
	doi = {10.1103/physrevlett.119.136803},
	year = 2017,
	month = {sep},
	publisher = {American Physical Society ({APS})},
	volume = {119},
	number = {13},
	author = {Fabrizio Nichele and Asbj{\o}rn C.{\hspace{0.167em}}C. Drachmann and Alexander M. Whiticar and Eoin C.{\hspace{0.167em}}T. O'Farrell and Henri J. Suominen and Antonio Fornieri and Tian Wang and Geoffrey C. Gardner and Candice Thomas and Anthony T. Hatke and Peter Krogstrup and Michael J. Manfra and Karsten Flensberg and Charles M. Marcus},
	title = {Scaling of {M}ajorana Zero-Bias Conductance Peaks},
	journal = {Phys. Rev. Lett.}
}

@article{Nijholt2016,
	doi = {10.1103/physrevb.93.235434},
	year = 2016,
	month = {jun},
	publisher = {American Physical Society ({APS})},
	volume = {93},
	number = {23},
	author = {Bas Nijholt and Anton R. Akhmerov},
	title = {Orbital effect of magnetic field on the {M}ajorana phase diagram},
	journal = {Phys. Rev. B}
}

@misc{Nijholt2016_data,
  doi = {10.4121/uuid:20f1c784-1143-4c61-a03d-7a3454914abb},
  author = {{Nijholt, B. (Bas)} and {Akhmerov, A.R. (Anton)}},
  keywords = {Condensed Matter, {M}ajorana Fermions, Physics, Quantum Nanoscience, Semiconductor Nanowires, Theoretical Physics, 0204 - Condensed Matter Physics, 0206 - Quantum Physics, 1007 - Nanotechnology},
  language = {en},
  title = {Orbital effect of magnetic field on {M}ajorana phase diagram (theory)},
  publisher = {TU Delft},
  year = {2016}
}


@article{Oreg2010,
	doi = {10.1103/physrevlett.105.177002},
	year = 2010,
	month = {oct},
	publisher = {American Physical Society ({APS})},
	volume = {105},
	number = {17},
	author = {Yuval Oreg and Gil Refael and Felix von Oppen},
	title = {Helical Liquids and {M}ajorana Bound States in Quantum Wires},
	journal = {Phys. Rev. Lett.}
}

@article{Osca2014,
	doi = {10.1103/physrevb.89.245405},
	year = 2014,
	month = {jun},
	publisher = {American Physical Society ({APS})},
	volume = {89},
	number = {24},
	author = {Javier Osca and Daniel Ruiz and Lloren{\c{c}} Serra},
	title = {Effects of tilting the magnetic field in one-dimensional {M}ajorana nanowires},
	journal = {Phys. Rev. B}
}

@article{Osca2014b,
	doi = {10.1140/epjb/e2014-41091-8},
	year = 2014,
	month = {apr},
	publisher = {Springer Science and Business Media {LLC}},
	volume = {87},
	number = {4},
	author = {Javier Osca and Rosa L{\'{o}}pez and Lloren{\c{c}} Serra},
	title = {{M}ajorana mode stacking, robustness and size effect in cylindrical nanowires},
	journal = {Eur. Phys. J. B}
}

@article{Osca2015,
	doi = {10.1103/physrevb.91.235417},
	year = 2015,
	month = {jun},
	publisher = {American Physical Society ({APS})},
	volume = {91},
	number = {23},
	author = {Javier Osca and Lloren{\c{c}} Serra},
	title = {{M}ajorana states and magnetic orbital motion in planar hybrid nanowires},
	journal = {Phys. Rev. B}
}

@article{Ostroukh2016,
	doi = {10.1103/physrevb.94.094514},
	year = 2016,
	month = {sep},
	publisher = {American Physical Society ({APS})},
	volume = {94},
	number = {9},
	author = {V. P. Ostroukh and B. Baxevanis and A. R. Akhmerov and C. W. J. Beenakker},
	title = {Two-dimensional {J}osephson vortex lattice and anomalously slow decay of the Fraunhofer oscillations in a ballistic {SNS} junction with a warped Fermi surface},
	journal = {Phys. Rev. B}
}

@article{Paajaste2015,
	doi = {10.1021/nl504544s},
	year = 2015,
	month = {feb},
	publisher = {American Chemical Society ({ACS})},
	volume = {15},
	number = {3},
	pages = {1803--1808},
	author = {J. Paajaste and M. Amado and S. Roddaro and F. S. Bergeret and D. Ercolani and L. Sorba and F. Giazotto},
	title = {Pb/{InAs} Nanowire {J}osephson Junction with High Critical Current and Magnetic Flux Focusing},
	journal = {Nano Lett.}
}

@article{Pan2019,
	doi = {10.1103/physrevb.99.054507},
	year = 2019,
	month = {feb},
	publisher = {American Physical Society ({APS})},
	volume = {99},
	number = {5},
	author = {Haining Pan and Jay D. Sau and Tudor D. Stanescu and S. Das Sarma},
	title = {Curvature of gap closing features and the extraction of {M}ajorana nanowire parameters},
	journal = {Phys. Rev. B}
}

@article{Peng2015,
	doi = {10.1103/physrevlett.114.106801},
	year = 2015,
	month = {mar},
	publisher = {American Physical Society ({APS})},
	volume = {114},
	number = {10},
	author = {Yang Peng and Falko Pientka and Leonid I. Glazman and Felix von Oppen},
	title = {Strong Localization of {M}ajorana End States in Chains of Magnetic Adatoms},
	journal = {Phys. Rev. Lett.}
}

@article{Perroni2007,
	doi = {10.1088/0953-8984/19/18/186227},
	year = 2007,
	month = {apr},
	publisher = {{IOP} Publishing},
	volume = {19},
	number = {18},
	pages = {186227},
	author = {C A Perroni and D Bercioux and V Marigliano Ramaglia and V Cataudella},
	title = {Rashba quantum wire: exact solution and ballistic transport},
	journal = {J. Phys.: Condens. Matter}
}

@article{Pientka2012,
	doi = {10.1103/physrevlett.109.227006},
	year = 2012,
	month = {nov},
	publisher = {American Physical Society ({APS})},
	volume = {109},
	number = {22},
	author = {Falko Pientka and Graham Kells and Alessandro Romito and Piet W. Brouwer and Felix von Oppen},
	title = {Enhanced Zero-Bias {M}ajorana Peak in the Differential Tunneling Conductance of Disordered Multisubband Quantum-Wire/Superconductor Junctions},
	journal = {Phys. Rev. Lett.}
}

@article{Plugge2017,
	doi = {10.1088/1367-2630/aa54e1},
	year = 2017,
	month = {jan},
	publisher = {{IOP} Publishing},
	volume = {19},
	number = {1},
	pages = {012001},
	author = {Stephan Plugge and Asbj{\o}rn Rasmussen and Reinhold Egger and Karsten Flensberg},
	title = {{M}ajorana box qubits},
	journal = {New J. Phys.}
}

@article{Poeyhoenen2016,
	doi = {10.1103/physrevb.93.014517},
	year = 2016,
	month = {jan},
	publisher = {American Physical Society ({APS})},
	volume = {93},
	number = {1},
	author = {Kim P\"{o}yh\"{o}nen and Alex Weststr\"{o}m and Teemu Ojanen},
	title = {Topological superconductivity in ferromagnetic atom chains beyond the deep-impurity regime},
	journal = {Phys. Rev. B}
}

@article{Potter2010,
	doi = {10.1103/physrevlett.105.227003},
	year = 2010,
	month = {nov},
	publisher = {American Physical Society ({APS})},
	volume = {105},
	number = {22},
	author = {Andrew C. Potter and Patrick A. Lee},
	title = {Multichannel Generalization of {K}itaev's {M}ajorana End States and a Practical Route to Realize Them in Thin Films},
	journal = {Phys. Rev. Lett.}
}

@article{Potter2012,
	doi = {10.1103/physrevb.85.094516},
	year = 2012,
	month = {mar},
	publisher = {American Physical Society ({APS})},
	volume = {85},
	number = {9},
	author = {Andrew C. Potter and Patrick A. Lee},
	title = {Topological superconductivity and {M}ajorana fermions in metallic surface states},
	journal = {Phys. Rev. B}
}

@article{Prada2012,
	doi = {10.1103/physrevb.86.180503},
	year = 2012,
	month = {nov},
	publisher = {American Physical Society ({APS})},
	volume = {86},
	number = {18},
	author = {Elsa Prada and Pablo San-Jose and Ram{\'{o}}n Aguado},
	title = {Transport spectroscopy {ofNSnanowire} junctions with {M}ajorana fermions},
	journal = {Phys. Rev. B}
}

@article{Pryor2006,
	doi = {10.1103/physrevlett.96.026804},
	year = 2006,
	month = {jan},
	publisher = {American Physical Society ({APS})},
	volume = {96},
	number = {2},
	author = {Craig E. Pryor and Michael E. Flatt{\'{e}}},
	title = {Land{\'{e}} {$g$} Factors and Orbital Momentum Quenching in Semiconductor Quantum Dots},
	journal = {Phys. Rev. Lett.}
}

@article{Qi2011,
	doi = {10.1103/revmodphys.83.1057},
	year = 2011,
	month = {oct},
	publisher = {American Physical Society ({APS})},
	volume = {83},
	number = {4},
	pages = {1057--1110},
	author = {Xiao-Liang Qi and Shou-Cheng Zhang},
	title = {Topological insulators and superconductors},
	journal = {Rev. Mod. Phys.}
}

@article{Qu2016,
	doi = {10.1021/acs.nanolett.6b03297},
	year = 2016,
	month = {nov},
	publisher = {American Chemical Society ({ACS})},
	volume = {16},
	number = {12},
	pages = {7509--7513},
	author = {Fanming Qu and Jasper van Veen and Folkert K. de Vries and Arjan J. A. Beukman and Michael Wimmer and Wei Yi and Andrey A. Kiselev and Binh-Minh Nguyen and Marko Sokolich and Michael J. Manfra and Fabrizio Nichele and Charles M. Marcus and Leo P. Kouwenhoven},
	title = {Quantized Conductance and Large g-Factor Anisotropy in {InSb} Quantum Point Contacts},
	journal = {Nano Lett.}
}

@article{Radovic2001,
	doi = {10.1103/physrevb.63.214512},
	year = 2001,
	month = {may},
	publisher = {American Physical Society ({APS})},
	volume = {63},
	number = {21},
	author = {Z. Radovi{\'{c}} and L. Dobrosavljevi{\'{c}}-Gruji{\'{c}} and B. Vuji{\v{c}}i{\'{c}}},
	title = {Coexistence of stable and metastable $0$ and $\pi$ states in {J}osephson junctions},
	journal = {Phys. Rev. B}
}

@article{Reeg2016,
	doi = {10.1103/physrevb.94.020501},
	year = 2016,
	month = {jul},
	publisher = {American Physical Society ({APS})},
	volume = {94},
	number = {2},
	author = {Christopher R. Reeg and Dmitrii L. Maslov},
	title = {Hard gap in a normal layer coupled to a superconductor},
	journal = {Phys. Rev. B}
}

@article{Reeg2018,
	doi = {10.1103/physrevb.97.165425},
	year = 2018,
	month = {apr},
	publisher = {American Physical Society ({APS})},
	volume = {97},
	number = {16},
	author = {Christopher Reeg and Daniel Loss and Jelena Klinovaja},
	title = {Metallization of a Rashba wire by a superconducting layer in the strong-proximity regime},
	journal = {Phys. Rev. B}
}

@article{Rex2014,
	doi = {10.1103/physrevb.90.115429},
	year = 2014,
	month = {sep},
	publisher = {American Physical Society ({APS})},
	volume = {90},
	number = {11},
	author = {Stefan Rex and Asle Sudb{\o}},
	title = {Tilting of the magnetic field in {M}ajorana nanowires: Critical angle and zero-energy differential conductance},
	journal = {Phys. Rev. B}
}

@article{Ryu2010,
	doi = {10.1088/1367-2630/12/6/065010},
	year = 2010,
	month = {jun},
	publisher = {{IOP} Publishing},
	volume = {12},
	number = {6},
	pages = {065010},
	author = {Shinsei Ryu and Andreas P Schnyder and Akira Furusaki and Andreas W W Ludwig},
	title = {Topological insulators and superconductors: tenfold way and dimensional hierarchy},
	journal = {New J. Phys.}
}

@article{Saint-James1964,
	doi = {10.1051/jphys:019640025010089900},
	year = 1964,
	publisher = {{EDP} Sciences},
	volume = {25},
	number = {10},
	pages = {899--905},
	author = {D. Saint-James},
	title = {Excitations {\'{e}}l{\'{e}}mentaires au voisinage de la surface de s{\'{e}}paration d{\textquotesingle}un m{\'{e}}tal normal et d{\textquotesingle}un m{\'{e}}tal supraconducteur},
	journal = {J. Phys.}
}

@article{San-Jose2014,
	doi = {10.1103/physrevlett.112.137001},
	year = 2014,
	month = {apr},
	publisher = {American Physical Society ({APS})},
	volume = {112},
	number = {13},
	author = {Pablo San-Jose and Elsa Prada and Ram{\'{o}}n Aguado},
	title = {Mapping the Topological Phase Diagram of Multiband Semiconductors with Supercurrents},
	journal = {Phys. Rev. Lett.}
}

@article{Sau2012,
	doi = {10.1103/physrevb.85.064512},
	year = 2012,
	month = {feb},
	publisher = {American Physical Society ({APS})},
	volume = {85},
	number = {6},
	author = {Jay D. Sau and Sumanta Tewari and S. Das Sarma},
	title = {Experimental and materials considerations for the topological superconducting state in electron- and hole-doped semiconductors: Searching for non-Abelian {M}ajorana modes in 1D nanowires and 2D heterostructures},
	journal = {Phys. Rev. B}
}

@inproceedings{Schnyder2009,
	doi = {10.1063/1.3149481},
	year = 2009,
	publisher = {{AIP}},
	author = {Andreas P. Schnyder and Shinsei Ryu and Akira Furusaki and Andreas W. W. Ludwig and Vladimir Lebedev and Mikhail Feigel'man},
	title = {Classification of Topological Insulators and Superconductors},
	booktitle = {{AIP} Conf. Proc.}
}

@article{Sellier2004,
	doi = {10.1103/physrevlett.92.257005},
	year = 2004,
	month = {jun},
	publisher = {American Physical Society ({APS})},
	volume = {92},
	number = {25},
	author = {Hermann Sellier and Claire Baraduc and Fran{\c{c}}ois Lefloch and Roberto Calemczuk},
	title = {Half-Integer Shapiro Steps at the0-$\uppi$Crossover of a Ferromagnetic {J}osephson Junction},
	journal = {Phys. Rev. Lett.}
}

@article{Spanton2017,
	doi = {10.1038/nphys4224},
	year = 2017,
	month = {aug},
	publisher = {Springer Nature},
	volume = {13},
	number = {12},
	pages = {1177--1181},
	author = {Eric M. Spanton and Mingtang Deng and Saulius Vaitiek{\.{e}}nas and Peter Krogstrup and Jesper Nyg{\aa}rd and Charles M. Marcus and Kathryn A. Moler},
	title = {Current{\textendash}phase relations of few-mode {InAs} nanowire {J}osephson junctions},
	journal = {Nat. Phys.}
}

@article{Stanescu2011,
	doi = {10.1103/physrevb.84.144522},
	year = 2011,
	month = {oct},
	publisher = {American Physical Society ({APS})},
	volume = {84},
	number = {14},
	author = {Tudor D. Stanescu and Roman M. Lutchyn and S. Das Sarma},
	title = {{M}ajorana fermions in semiconductor nanowires},
	journal = {Phys. Rev. B}
}

@article{Stanescu2012,
	doi = {10.1103/physrevlett.109.266402},
	year = 2012,
	month = {dec},
	publisher = {American Physical Society ({APS})},
	volume = {109},
	number = {26},
	author = {Tudor D. Stanescu and Sumanta Tewari and Jay D. Sau and S. Das Sarma},
	title = {To Close or Not to Close: The Fate of the Superconducting Gap Across the Topological Quantum Phase Transition in {M}ajorana-Carrying Semiconductor Nanowires},
	journal = {Phys. Rev. Lett.}
}

@article{Stanescu2013,
	doi = {10.1103/physrevb.87.094518},
	year = 2013,
	month = {mar},
	publisher = {American Physical Society ({APS})},
	volume = {87},
	number = {9},
	author = {Tudor D. Stanescu and Roman M. Lutchyn and S. Das Sarma},
	title = {Dimensional crossover in spin-orbit-coupled semiconductor nanowires with induced superconducting pairing},
	journal = {Phys. Rev. B}
}

@article{Stanescu2013a,
	doi = {10.1088/0953-8984/25/23/233201},
	year = 2013,
	month = {may},
	publisher = {{IOP} Publishing},
	volume = {25},
	number = {23},
	pages = {233201},
	author = {T D Stanescu and S Tewari},
	title = {{M}ajorana fermions in semiconductor nanowires: fundamentals, modeling, and experiment},
	journal = {J. Phys.: Condens. Matter}
}

@article{Stanescu2014,
	doi = {10.1103/physrevb.90.085302},
	year = 2014,
	month = {aug},
	publisher = {American Physical Society ({APS})},
	volume = {90},
	number = {8},
	author = {Tudor D. Stanescu and Roman M. Lutchyn and S. Das Sarma},
	title = {Soft superconducting gap in semiconductor-based {M}ajorana nanowires},
	journal = {Phys. Rev. B}
}

@article{Suyatin2007,
	doi = {10.1088/0957-4484/18/10/105307},
	year = 2007,
	month = {feb},
	publisher = {{IOP} Publishing},
	volume = {18},
	number = {10},
	pages = {105307},
	author = {D B Suyatin and C Thelander and M T Bj\"{o}rk and I Maximov and L Samuelson},
	title = {Sulfur passivation for ohmic contact formation to {InAs} nanowires},
	journal = {Nanotechnology}
}

@article{Szombati2016,
	doi = {10.1038/nphys3742},
	year = 2016,
	month = {may},
	publisher = {Springer Science and Business Media {LLC}},
	volume = {12},
	number = {6},
	pages = {568--572},
	author = {D. B. Szombati and S. Nadj-Perge and D. Car and S. R. Plissard and E. P. A. M. Bakkers and L. P. Kouwenhoven},
	title = {{J}osephson $\upphi$0-junction in nanowire quantum dots},
	journal = {Nat. Phys.}
}

@article{Takei2013,
	doi = {10.1103/physrevlett.110.186803},
	year = 2013,
	month = {apr},
	publisher = {American Physical Society ({APS})},
	volume = {110},
	number = {18},
	author = {So Takei and Benjamin M. Fregoso and Hoi-Yin Hui and Alejandro M. Lobos and S. Das Sarma},
	title = {Soft Superconducting Gap in Semiconductor {M}ajorana Nanowires},
	journal = {Phys. Rev. Lett.}
}

@article{Tewari2012,
	doi = {10.1103/physrevlett.109.150408},
	year = 2012,
	month = {oct},
	publisher = {American Physical Society ({APS})},
	volume = {109},
	number = {15},
	author = {Sumanta Tewari and Jay D. Sau},
	title = {Topological Invariants for Spin-Orbit Coupled Superconductor Nanowires},
	journal = {Phys. Rev. Lett.}
}

@article{Tiira2017,
	doi = {10.1038/ncomms14984},
	year = 2017,
	month = {apr},
	publisher = {Springer Science and Business Media {LLC}},
	volume = {8},
	number = {1},
	author = {J. Tiira and E. Strambini and M. Amado and S. Roddaro and P. San-Jose and R. Aguado and F. S. Bergeret and D. Ercolani and L. Sorba and F. Giazotto},
	title = {Magnetically-driven colossal supercurrent enhancement in {InAs} nanowire {J}osephson junctions},
	journal = {Nat. Commun.}
}

@article{VanWoerkom2015,
	doi = {10.1038/nphys3342},
	year = 2015,
	month = {may},
	publisher = {Springer Science and Business Media {LLC}},
	volume = {11},
	number = {7},
	pages = {547--550},
	author = {David J. van Woerkom and Attila Geresdi and Leo P. Kouwenhoven},
	title = {One minute parity lifetime of a {NbTiN} Cooper-pair~transistor},
	journal = {Nat. Phys.}
}

@article{VanWoerkom2017,
	doi = {10.1038/nphys4150},
	year = 2017,
	month = {jun},
	publisher = {Springer Nature},
	volume = {13},
	number = {9},
	pages = {876--881},
	author = {David J. van Woerkom and Alex Proutski and Bernard van Heck and Dani\"{e}l Bouman and Jukka I. Väyrynen and Leonid I. Glazman and Peter Krogstrup and Jesper Nyg{\aa}rd and Leo P. Kouwenhoven and Attila Geresdi},
	title = {Microwave spectroscopy of spinful {A}ndreev bound states in ballistic semiconductor {J}osephson~junctions},
	journal = {Nat. Phys.}
}

@article{Varjas2018,
	doi = {10.1088/1367-2630/aadf67},
	year = 2018,
	month = {sep},
	publisher = {{IOP} Publishing},
	volume = {20},
	number = {9},
	pages = {093026},
	author = {D{\'{a}}niel Varjas and T{\'{o}}mas \"{O} Rosdahl and Anton R Akhmerov},
	title = {Qsymm: algorithmic symmetry finding and symmetric Hamiltonian generation},
	journal = {New J. Phys.}
}

@article{Vuik2016,
	doi = {10.1088/1367-2630/18/3/033013},
	year = 2016,
	month = {mar},
	publisher = {{IOP} Publishing},
	volume = {18},
	number = {3},
	pages = {033013},
	author = {A Vuik and D Eeltink and A R Akhmerov and M Wimmer},
	title = {Effects of the electrostatic environment on the {M}ajorana nanowire devices},
	journal = {New J. Phys.}
}

@article{Weperen2012,
	doi = {10.1021/nl3035256},
	year = 2012,
	month = {dec},
	publisher = {American Chemical Society ({ACS})},
	volume = {13},
	number = {2},
	pages = {387--391},
	author = {Ilse van Weperen and S{\'{e}}bastien R. Plissard and Erik P. A. M. Bakkers and Sergey M. Frolov and Leo P. Kouwenhoven},
	title = {Quantized Conductance in an {InSb} Nanowire},
	journal = {Nano Lett.}
}

@article{Weperen2015,
	doi = {10.1103/physrevb.91.201413},
	year = 2015,
	month = {may},
	publisher = {American Physical Society ({APS})},
	volume = {91},
	number = {20},
	author = {I. van Weperen and B. Tarasinski and D. Eeltink and V. S. Pribiag and S. R. Plissard and E. P. A. M. Bakkers and L. P. Kouwenhoven and M. Wimmer},
	title = {Spin-orbit interaction in {InSb} nanowires},
	journal = {Phys. Rev. B}
}

@article{Wiedenmann2016,
	doi = {10.1038/ncomms10303},
	year = 2016,
	month = {jan},
	publisher = {Springer Science and Business Media {LLC}},
	volume = {7},
	number = {1},
	author = {J. Wiedenmann and E. Bocquillon and R. S. Deacon and S. Hartinger and O. Herrmann and T. M. Klapwijk and L. Maier and C. Ames and C. Br\"{u}ne and C. Gould and A. Oiwa and K. Ishibashi and S. Tarucha and H. Buhmann and L. W. Molenkamp},
	title = {4$\uppi$-periodic {J}osephson supercurrent in {HgTe}-based topological {J}osephson junctions},
	journal = {Nat. Commun.}
}

@article{Wimmer2010,
	doi = {10.1103/physrevlett.105.046803},
	year = 2010,
	month = {jul},
	publisher = {American Physical Society ({APS})},
	volume = {105},
	number = {4},
	author = {M. Wimmer and A. R. Akhmerov and M. V. Medvedyeva and J. Tworzyd{\l}o and C. W. J. Beenakker},
	title = {{M}ajorana Bound States without Vortices in Topological Superconductors with Electrostatic Defects},
	journal = {Phys. Rev. Lett.}
}

@article{Winkler2017,
	doi = {10.1103/physrevlett.119.037701},
	year = 2017,
	month = {jul},
	publisher = {American Physical Society ({APS})},
	volume = {119},
	number = {3},
	author = {Georg W. Winkler and D{\'{a}}niel Varjas and Rafal Skolasinski and Alexey A. Soluyanov and Matthias Troyer and Michael Wimmer},
	title = {Orbital Contributions to the Electron 
		g
		 Factor in Semiconductor Nanowires},
	journal = {Phys. Rev. Lett.}
}

@article{Woods2018,
	doi = {10.1103/physrevb.98.035428},
	year = 2018,
	month = {jul},
	publisher = {American Physical Society ({APS})},
	volume = {98},
	number = {3},
	author = {Benjamin D. Woods and Tudor D. Stanescu and Sankar Das Sarma},
	title = {Effective theory approach to the Schr\"{o}dinger-Poisson problem in semiconductor {M}ajorana devices},
	journal = {Phys. Rev. B}
}

@article{Yokoyama2014,
	doi = {10.1103/physrevb.89.195407},
	year = 2014,
	month = {may},
	publisher = {American Physical Society ({APS})},
	volume = {89},
	number = {19},
	author = {Tomohiro Yokoyama and Mikio Eto and Yuli V. Nazarov},
	title = {Anomalous {J}osephson effect induced by spin-orbit interaction and Zeeman effect in semiconductor nanowires},
	journal = {Phys. Rev. B}
}

@article{Yokoyama2014a,
	doi = {10.1209/0295-5075/108/47009},
	year = 2014,
	month = {nov},
	publisher = {{IOP} Publishing},
	volume = {108},
	number = {4},
	pages = {47009},
	author = {T. Yokoyama and Yu. V. Nazarov},
	title = {Magnetic anisotropy of critical current in nanowire {J}osephson junction with spin-orbit interaction},
	journal = {{EPL}}
}

@article{Zhang2017,
	doi = {10.1038/ncomms16025},
	year = 2017,
	month = {jul},
	publisher = {Springer Science and Business Media {LLC}},
	volume = {8},
	number = {1},
	author = {Hao Zhang and \"{O}nder G\"{u}l and Sonia Conesa-Boj and Micha{\l} P. Nowak and Michael Wimmer and Kun Zuo and Vincent Mourik and Folkert K. de Vries and Jasper van Veen and Michiel W. A. de Moor and Jouri D. S. Bommer and David J. van Woerkom and Diana Car and S{\'{e}}bastien R Plissard and Erik P.A.M. Bakkers and Marina Quintero-P{\'{e}}rez and Maja C. Cassidy and Sebastian Koelling and Srijit Goswami and Kenji Watanabe and Takashi Taniguchi and Leo P. Kouwenhoven},
	title = {Ballistic superconductivity in semiconductor nanowires},
	journal = {Nat. Commun.}
}

@article{Zhang2018,
	doi = {10.1038/nature26142},
	year = 2018,
	month = {mar},
	publisher = {Springer Science and Business Media {LLC}},
	volume = {556},
	number = {7699},
	pages = {74--79},
	author = {Hao Zhang and Chun-Xiao Liu and Sasa Gazibegovic and Di Xu and John A. Logan and Guanzhong Wang and Nick van Loo and Jouri D. S. Bommer and Michiel W. A. de Moor and Diana Car and Roy L. M. Op het Veld and Petrus J. van Veldhoven and Sebastian Koelling and Marcel A. Verheijen and Mihir Pendharkar and Daniel J. Pennachio and Borzoyeh Shojaei and Joon Sue Lee and Chris J. Palmstr{\o}m and Erik P. A. M. Bakkers and S. Das Sarma and Leo P. Kouwenhoven},
	title = {Quantized {M}ajorana conductance},
	journal = {Nature}
}

@misc{Zuo2017,
  doi = {10.4121/uuid:daa83d96-85d6-4739-841e-52abc86b6b15},
  author = {{Zuo, K. (Kun)} and {Mourik, V. (Vincent)} and {Szombati, D.B. (Daniel)} and {Nijholt, B. (Bas)} and {Van Woerkom, D.J. (David)} and {Geresdi, A. (Attila)} and {Chen, J. (Jun)} and {Ostroukh, V.P. (Viacheslav)} and {Akhmerov, A.R. (Anton)} and {Plissard, S.R. (Sébastien)} and {Car, D. (Diana)} and {Bakkers, E.P.A.M. (Erik)} and {Pikulin, D.I. (Dmitry)} and {Kouwenhoven, L.P. (Leo)} and {Frolov, S.M. (Sergey)}},
  keywords = {{J}osephson junction, {M}ajorana physics, nanowires, physics, quantum mechanics, supercurrent, 0204 - Condensed Matter Physics, 0206 - Quantum Physics, 1007 - Nanotechnology},
  language = {en},
  title = {Data and code: Supercurrent interference in few-mode nanowire {J}osephson junctions},
  publisher = {TU Delft},
  year = {2017}
}


