@article{kitaev2001unpaired,
  title={Unpaired Majorana fermions in quantum wires},
  author={Kitaev, A. Yu},
  journal={Physics-Uspekhi},
  volume={44},
  number={10S},
  pages={131},
  year={2001},
  doi = {https://doi.org/10.1070/1063-7869/44/10S/S29},
  url = {http://iopscience.iop.org/article/10.1070/1063-7869/44/10S/S29/meta;jsessionid=4DF5002C6F71F01D26270F4F6198658A.c3.iopscience.cld.iop.org}
}

@article{oreg2010helical,
  title = {Helical Liquids and Majorana Bound States in Quantum Wires},
  author = {Oreg, Yuval and Refael, Gil and von Oppen, Felix},
  journal = {Phys. Rev. Lett.},
  volume = {105},
  issue = {17},
  pages = {177002},
  numpages = {4},
  year = {2010},
  month = {Oct},
  publisher = {American Physical Society},
  doi = {10.1103/PhysRevLett.105.177002},
  url = {http://link.aps.org/doi/10.1103/PhysRevLett.105.177002}
}

@article{lutchyn2010majorana,
  title = {Majorana Fermions and a Topological Phase Transition in Semiconductor-Superconductor Heterostructures},
  author = {Lutchyn, Roman M. and Sau, Jay D. and Das Sarma, S.},
  journal = {Phys. Rev. Lett.},
  volume = {105},
  issue = {7},
  pages = {077001},
  numpages = {4},
  year = {2010},
  month = {Aug},
  publisher = {American Physical Society},
  doi = {10.1103/PhysRevLett.105.077001},
  url = {http://link.aps.org/doi/10.1103/PhysRevLett.105.077001}
}

@article{mourik2012signatures,
  title={Signatures of Majorana fermions in hybrid superconductor-semiconductor nanowire devices},
  author={Mourik, Vincent and Zuo, Kun and Frolov, S. M. and Plissard, S. R. and Bakkers, E. P. A. M. and Kouwenhoven, L. P.},
  journal={Science},
  volume={336},
  number={6084},
  pages={1003--1007},
  year={2012},
  publisher={American Association for the Advancement of Science},
  doi = {10.1126/science.1222360},
  url = {http://science.sciencemag.org/content/336/6084/1003}
}

@article{deng2016majorana,
  title={Majorana bound state in a coupled quantum-dot hybrid-nanowire system},
  author={Deng, M T and Vaitiek{\.e}nas, S and Hansen, E B and Danon, J and Leijnse, M and Flensberg, K and Nyg{\aa}rd, J and Krogstrup, P and Marcus, C M},
  journal={Science},
  volume={354},
  number={6319},
  pages={1557--1562},
  year={2016},
  publisher={American Association for the Advancement of Science},
  doi = {10.1126/science.aaf3961},
  url = {http://science.sciencemag.org/content/354/6319/1557}
}

@article{albrecht2016exponential,
  title={Exponential protection of zero modes in Majorana islands},
  author={Albrecht, Sven Marian and Higginbotham, A P and Madsen, Morten and Kuemmeth, Ferdinand and Jespersen, Thomas Sand and Nyg{\aa}rd, Jesper and Krogstrup, Peter and Marcus, C M},
  journal={Nature},
  volume={531},
  number={7593},
  pages={206--209},
  year={2016},
  publisher={Nature Publishing Group},
  doi = {10.1038/nature17162},
  url = {http://www.nature.com/nature/journal/v531/n7593/full/nature17162.html?WT.feed_name=subjects_electronics-photonics-and-device-physics}
}

@article{chen2016phasediagram,
  title={Experimental Phase Diagram of a One-Dimensional Topological Superconductor},
  author={Chen, Jun and Yu, Peng and Stenger, John and Hocevar, Mo{\"\i}ra and Car, Diana and Plissard, S{\'e}bastien R and Bakkers, Erik P A M and Stanescu, Tudor D and Frolov, Sergey M},
  journal={arXiv preprint arXiv:1610.04555},
  year={2016},
  url = {https://arxiv.org/abs/1610.04555}
}

@article{molenkamp2016abs4pi,
	title = {4π-periodic Josephson supercurrent in HgTe-based topological Josephson junctions},
    author = {Wiedenmann, J. and Bocquillon, E. and Deacon, R.S. and Hartinger, S. and Herrmann, O. and Klapwijk, T. M. and Maier, L. and Ames, C. and Brüne, C. and Gould, C. and Oiwa, A. and Ishibashi, K. and Tarucha, S. and Buhmann, H. and Molenkamp, L. W.},
	journal = {Nature Communications},
    volume = {7},
    issue = {10303},
    year = {2015},
    doi = {doi:10.1038/ncomms10303},
    url = {http://www.nature.com/articles/ncomms10303}
}

@article{bocquillon2016gapless,
  title={Gapless Andreev bound states in the quantum spin Hall insulator HgTe},
  author={Bocquillon, Erwann and Deacon, Russell S and Wiedenmann, Jonas and Leubner, Philipp and Klapwijk, Teunis M and Br{\"u}ne, Christoph and Ishibashi, Koji and Buhmann, Hartmut and Molenkamp, Laurens W},
  journal={Nature Nanotechnology},
  volume = {12},
  pages = {137–-143},
  year={2016},
  publisher={Nature Research},
  doi = {doi:10.1038/nnano.2016.159},
  url = {http://www.nature.com/nnano/journal/v12/n2/full/nnano.2016.159.html}
}

@article{Deacon2016josephsonradiation,
  title = {Josephson Radiation from Gapless Andreev Bound States in HgTe-Based Topological Junctions},
  author = {Deacon, R. S. and Wiedenmann, J. and Bocquillon, E. and Dom\'{\i}nguez, F. and Klapwijk, T. M. and Leubner, P. and Br\"une, C. and Hankiewicz, E. M. and Tarucha, S. and Ishibashi, K. and Buhmann, H. and Molenkamp, L. W.},
  journal = {Phys. Rev. X},
  volume = {7},
  issue = {2},
  pages = {021011},
  numpages = {7},
  year = {2017},
  month = {Apr},
  publisher = {American Physical Society},
  doi = {10.1103/PhysRevX.7.021011},
  url = {https://link.aps.org/doi/10.1103/PhysRevX.7.021011}
}

@article{Hyart2013braiding,
  title = {Flux-controlled quantum computation with Majorana fermions},
  author = {Hyart, T. and van Heck, B. and Fulga, I. C. and Burrello, M. and Akhmerov, A. R. and Beenakker, C. W. J.},
  journal = {Phys. Rev. B},
  volume = {88},
  issue = {3},
  pages = {035121},
  numpages = {17},
  year = {2013},
  month = {Jul},
  publisher = {American Physical Society},
  doi = {10.1103/PhysRevB.88.035121},
  url = {http://link.aps.org/doi/10.1103/PhysRevB.88.035121}
}

@article{Aasen2016briading,
  title = {Milestones Toward Majorana-Based Quantum Computing},
  author = {Aasen, David and Hell, Michael and Mishmash, Ryan V. and Higginbotham, Andrew and Danon, Jeroen and Leijnse, Martin and Jespersen, Thomas S. and Folk, Joshua A. and Marcus, Charles M. and Flensberg, Karsten and Alicea, Jason},
  journal = {Phys. Rev. X},
  volume = {6},
  issue = {3},
  pages = {031016},
  numpages = {28},
  year = {2016},
  month = {Aug},
  publisher = {American Physical Society},
  doi = {10.1103/PhysRevX.6.031016},
  url = {http://link.aps.org/doi/10.1103/PhysRevX.6.031016}
}

@article{Karzig2016braiding,
  title = {Scalable designs for quasiparticle-poisoning-protected topological quantum computation with Majorana zero modes},
  author = {Karzig, Torsten and Knapp, Christina and Lutchyn, Roman M. and Bonderson, Parsa and Hastings, Matthew B. and Nayak, Chetan and Alicea, Jason and Flensberg, Karsten and Plugge, Stephan and Oreg, Yuval and Marcus, Charles M. and Freedman, Michael H.},
  journal = {Phys. Rev. B},
  volume = {95},
  issue = {23},
  pages = {235305},
  numpages = {32},
  year = {2017},
  month = {Jun},
  publisher = {American Physical Society},
  doi = {10.1103/PhysRevB.95.235305},
  url = {https://link.aps.org/doi/10.1103/PhysRevB.95.235305}
}

@article{plugge2016majorana,
  title={Majorana box qubits},
  author={Plugge, Stephan and Rasmussen, Asbj{\o}rn and Egger, Reinhold and Flensberg, Karsten},
  journal={New Journal of Physics},
  volume={19},
  number={1},
  pages={012001},
  year={2017},
  publisher={IOP Publishing},
  url ={http://iopscience.iop.org/article/10.1088/1367-2630/aa54e1/meta}
  }

@article{doh2005tunable,
  title={Tunable supercurrent through semiconductor nanowires},
  author={Doh, Yong-Joo and van Dam, Jorden A. and Roest, Aarnoud L. and Bakkers, Erik P. A. M and Kouwenhoven, Leo P. and De Franceschi, Silvano},
  journal={Science},
  volume={309},
  number={5732},
  pages={272--275},
  year={2005},
  publisher={American Association for the Advancement of Science},
  doi = {10.1126/science.1113523},
  url = {http://science.sciencemag.org/content/309/5732/272}
}

@article{vanDam2006supercurrent,
  title={Supercurrent reversal in quantum dots},
  author={Van Dam, Jorden A. and Nazarov, Yuli V. and Bakkers, Erik P.A.M. and De Franceschi, Silvano and Kouwenhoven, Leo P.},
  journal={Nature},
  volume={442},
  number={7103},
  pages={667--670},
  year={2006},
  publisher={Nature Publishing Group},
  doi = {10.1038/nature05018},
  url = {http://www.nature.com/nature/journal/v442/n7103/full/nature05018.html}
}

@article{szombati2015josephson,
  title={Josephson $\varphi_ 0$-junction in nanowire quantum dots},
  author={Szombati, D. B. and Nadj-Perge, S. and Car, D. and Plissard, S. R. and Bakkers, E. P. A. M. and Kouwenhoven, L. P.},
  journal={Nature Physics},
  volume={12},
  pages={568-–572},
  year={2016},
  doi = {10.1038/nphys3742},
  url = {http://www.nature.com/nphys/journal/v12/n6/abs/nphys3742.html}
}

@article{deLange2015hyrbidnanowire,
  title = {Realization of Microwave Quantum Circuits Using Hybrid Superconducting-Semiconducting Nanowire Josephson Elements},
  author = {de Lange, G. and van Heck, B. and Bruno, A. and van Woerkom, D. J. and Geresdi, A. and Plissard, S. R. and Bakkers, E. P. A. M. and Akhmerov, A. R. and DiCarlo, L.},
  journal = {Phys. Rev. Lett.},
  volume = {115},
  issue = {12},
  pages = {127002},
  numpages = {5},
  year = {2015},
  month = {Sep},
  publisher = {American Physical Society},
  doi = {10.1103/PhysRevLett.115.127002},
  url = {http://link.aps.org/doi/10.1103/PhysRevLett.115.127002}
}

@article{marcus2015hyrbidnanowire,
  title = {Semiconductor-Nanowire-Based Superconducting Qubit},
  author = {Larsen, T. W. and Petersson, K. D. and Kuemmeth, F. and Jespersen, T. S. and Krogstrup, P. and Nyg\aa{}rd, J. and Marcus, C. M.},
  journal = {Phys. Rev. Lett.},
  volume = {115},
  issue = {12},
  pages = {127001},
  numpages = {5},
  year = {2015},
  month = {Sep},
  publisher = {American Physical Society},
  doi = {10.1103/PhysRevLett.115.127001},
  url = {http://link.aps.org/doi/10.1103/PhysRevLett.115.127001}
}

@article{giazaotto2015pbinas,
	author = {Paajaste, J. and Amado, M. and Roddaro, S. and Bergeret, F. S. and Ercolani, D. and Sorba, L. and Giazotto, F.},
	title = {Pb/InAs Nanowire Josephson Junction with High Critical Current and Magnetic Flux Focusing},
	journal = {Nano Letters},
	volume = {15},
	number = {3},
	pages = {1803-1808},
	year = {2015},
	doi = {10.1021/nl504544s},
    note ={PMID: 25671540},
	url = {http://dx.doi.org/10.1021/nl504544s}
}

@article{giazotto2016magnetically,
  title={Magnetically-driven colossal supercurrent enhancement in InAs nanowire Josephson junctions},
  author={Tiira, J and Strambini, E and Amado, M and Roddaro, S and San-Jose, P and Aguado, R and Bergeret, F S and Ercolani, D and Sorba, L and Giazotto, F},
  journal={Nature Communications},
  volume = {8},
  number = {14984},
  year={2017},
  doi = {10.1038/ncomms14984},
  url = {https://www.nature.com/articles/ncomms14984}
}

@article{gharavi2016nb,
  title={Nb/InAs nanowire proximity junctions from Josephson to quantum dot regimes},
  author={Gharavi, Kaveh and Holloway, Gregory W and LaPierre, Ray R and Baugh, Jonathan},
  journal={Nanotechnology},
  volume={28},
  number={8},
  pages={085202},
  year={2017},
  url = {http://iopscience.iop.org/article/10.1088/1361-6528/aa5643/meta},
  doi = {https://doi.org/10.1088/1361-6528/aa5643},
  publisher={IOP Publishing}
}

@article{bulaevskii1977superconducting,
  title={Superconducting system with weak coupling to the current in the ground state},
  author={Bulaevskii, L N and Kuzii, V V and Sobyanin, A A},
  journal={JETP Lett},
  volume={25},
  number={7},
  pages={290--294},
  year={1977},
  url = {http://www.jetpletters.ac.ru/ps/1410/article_21163.pdf}
}

@article{buzdin1982critical,
  title={Critical-current oscillations as a function of the exchange field and thickness of the ferromagnetic metal (F) in an SFS Josephson junction},
  author={Buzdin, A I and Bulaevskii, L N and Panyukov, S V},
  journal={JETP Lett},
  volume={35},
  number={178},
  pages={103--104},
  year={1982},
  url = {http://www.jetpletters.ac.ru/ps/1314/article_19853.pdf}
}

@article{demler1997superconducting,
  title={Superconducting proximity effects in magnetic metals},
  author={Demler, Eugene A and Arnold, G B and Beasley, M R},
  journal={Physical Review B},
  volume={55},
  number={22},
  pages={15174},
  year={1997},
  publisher={APS},
  url = {https://journals.aps.org/prb/abstract/10.1103/PhysRevB.55.15174},
  doi = {https://doi.org/10.1103/PhysRevB.55.15174}
}

@article{nadj2012spectroscopy,
  title={Spectroscopy of spin-orbit quantum bits in indium antimonide nanowires},
  author={Nadj-Perge, S and Pribiag, V S and Van den Berg, J W G and Zuo, K and Plissard, S R and Bakkers, E P A M and Frolov, S M and Kouwenhoven, L P},
  journal={Phys. Rev. Lett.},
  volume={108},
  number={16},
  pages={166801},
  year={2012},
  publisher={APS},
  url = {https://journals.aps.org/prl/abstract/10.1103/PhysRevLett.108.166801},
  doi = {https://doi.org/10.1103/PhysRevLett.108.166801}
}

@article{shumeiko2008,
  title = {Manipulation with Andreev states in spin active mesoscopic Josephson junctions},
  author = {Michelsen, J. and Shumeiko, V. S. and Wendin, G.},
  journal = {Phys. Rev. B},
  volume = {77},
  issue = {18},
  pages = {184506},
  numpages = {11},
  year = {2008},
  month = {May},
  publisher = {American Physical Society},
  doi = {10.1103/PhysRevB.77.184506},
  url = {http://link.aps.org/doi/10.1103/PhysRevB.77.184506}
}

@article{yokoyama2014anomalous,
  title = {Anomalous Josephson effect induced by spin-orbit interaction and Zeeman effect in semiconductor nanowires},
  author = {Yokoyama, Tomohiro and Eto, Mikio and Nazarov, Yuli V.},
  journal = {Phys. Rev. B},
  volume = {89},
  issue = {19},
  pages = {195407},
  numpages = {14},
  year = {2014},
  month = {May},
  publisher = {American Physical Society},
  doi = {10.1103/PhysRevB.89.195407},
  url = {https://link.aps.org/doi/10.1103/PhysRevB.89.195407}
}

@article{yokoyama2014magnetic,
  title={Magnetic anisotropy of critical current in nanowire Josephson junction with spin-orbit interaction},
  author={Yokoyama, Tomohiro and Nazarov, Yu V},
  journal={EPL (Europhysics Letters)},
  volume={108},
  number={4},
  pages={47009},
  year={2014},
  publisher={IOP Publishing},
  url = {http://iopscience.iop.org/article/10.1209/0295-5075/108/47009/meta}
}

@article{vanweperen2015spinorbit,
  title = {Spin-orbit interaction in InSb nanowires},
  author = {van Weperen, I. and Tarasinski, B. and Eeltink, D. and Pribiag, V. S. and Plissard, S. R. and Bakkers, E. P. A. M. and Kouwenhoven, L. P. and Wimmer, M.},
  journal = {Phys. Rev. B},
  volume = {91},
  issue = {20},
  pages = {201413},
  numpages = {5},
  year = {2015},
  month = {May},
  publisher = {American Physical Society},
  doi = {10.1103/PhysRevB.91.201413},
  url = {https://link.aps.org/doi/10.1103/PhysRevB.91.201413}
}

@article{vanweperen2012quantized,
  title={Quantized conductance in an InSb nanowire},
  author={van Weperen, Ilse and Plissard, S{\'e}bastien R and Bakkers, Erik P A M and Frolov, Sergey M and Kouwenhoven, Leo P},
  journal={Nano letters},
  volume={13},
  number={2},
  pages={387--391},
  year={2012},
  publisher={ACS Publications},
  doi = {10.1021/nl3035256},
  url = {http://pubs.acs.org/doi/abs/10.1021/nl3035256}
}

@article{kammhuber2016conductance,
  title={Conductance Quantization at zero magnetic field in InSb nanowires},
  author={Kammhuber, Jakob and Cassidy, Maja C and Zhang, Hao and G{\"u}l, {\"O}nder and Pei, Fei and de Moor, Michiel W A and Nijholt, Bas and Watanabe, Kenji and Taniguchi, Takashi and Car, Diana and Plissard, S{\'e}bastien R and Bakkers, Erik P A M and Kouwenhoven, Leo P},
  journal={Nano letters},
  volume={16},
  number={6},
  pages={3482--3486},
  year={2016},
  publisher={ACS Publications},
  doi = {10.1021/acs.nanolett.6b00051},
  url = {http://pubs.acs.org/doi/abs/10.1021/acs.nanolett.6b00051}
}

@article{san2014mapping,
  title = {Mapping the Topological Phase Diagram of Multiband Semiconductors with Supercurrents},
  author = {San-Jose, Pablo and Prada, Elsa and Aguado, Ram\'on},
  journal = {Phys. Rev. Lett.},
  volume = {112},
  issue = {13},
  pages = {137001},
  numpages = {5},
  year = {2014},
  month = {Apr},
  publisher = {American Physical Society},
  doi = {10.1103/PhysRevLett.112.137001},
  url = {https://link.aps.org/doi/10.1103/PhysRevLett.112.137001}
}

@article{Zhang2016ballisticmajoranadevice,
	title = {Ballistic Majorana nanowire devices},
	author = {Zhang, Hao and G\"{ü}l, \"{O}nder and Conesa-Boj, Sonia and Zuo, Kun and Mourik, Vincent and de Vries, Folkert K. and van Veen, Jasper and van Woerkom, David J. and Nowak, Micha\l{} P. and Wimmer, Michael and Car, Diana and Plissard, S\'{e}bastien R. and Bakkers, Erik P. A. M. and Quintero-P\'{e}rez, Marina  and Goswami, Srijit and Watanabe, Kenji and Taniguchi, Takashi and Kouwenhoven, Leo P.},
	journal = {arxiv: 1603.04069},
	year = {2016},
	url = {https://arxiv.org/abs/1603.04069}
}

@article{hofstadter_energy_1976,
	title = {Energy levels and wave functions of {Bloch} electrons in rational and irrational magnetic fields},
	volume = {14},
	url = {http://link.aps.org/doi/10.1103/PhysRevB.14.2239},
	doi = {10.1103/PhysRevB.14.2239},
	number = {6},
	urldate = {2015-08-26},
	journal = {Phys. Rev. B},
	author = {Hofstadter, Douglas R.},
	month = sep,
	year = {1976},
	pages = {2239--2249},
}

@article{beenakker1997random,
  title={Random-matrix theory of quantum transport},
  author={Beenakker, Carlo WJ},
  journal={Reviews of modern physics},
  volume={69},
  number={3},
  pages={731},
  year={1997},
  publisher={APS},
  url = {https://journals.aps.org/rmp/pdf/10.1103/RevModPhys.69.731}
}

@article{ostroukh2016two,
  title = {Two-dimensional Josephson vortex lattice and anomalously slow decay of the Fraunhofer oscillations in a ballistic SNS junction with a warped Fermi surface},
  author = {Ostroukh, V. P. and Baxevanis, B. and Akhmerov, A. R. and Beenakker, C. W. J.},
  journal = {Phys. Rev. B},
  volume = {94},
  issue = {9},
  pages = {094514},
  numpages = {11},
  year = {2016},
  month = {Sep},
  publisher = {American Physical Society},
  doi = {10.1103/PhysRevB.94.094514},
  url = {http://link.aps.org/doi/10.1103/PhysRevB.94.094514}
}

@article{groth_kwant,
	title = {Kwant: a software package for quantum transport},
	volume = {16},
	issn = {1367-2630},
	shorttitle = {Kwant},
	url = {http://iopscience.iop.org/1367-2630/16/6/063065},
	doi = {10.1088/1367-2630/16/6/063065},
	number = {6},
	urldate = {2015-07-30},
	journal = {New J. Phys.},
	author = {Groth, Christoph W. and Wimmer, Michael and Akhmerov, Anton R. and Waintal, Xavier},
	month = jun,
	year = {2014},
	pages = {063065},
}

@article{kautz1990noise,
  title = {Noise-affected I-V curves in small hysteretic Josephson junctions},
  author = {Kautz, R. L. and Martinis, John M.},
  journal = {Phys. Rev. B},
  volume = {42},
  issue = {16},
  pages = {9903--9937},
  numpages = {0},
  year = {1990},
  month = {Dec},
  publisher = {American Physical Society},
  doi = {10.1103/PhysRevB.42.9903},
  url = {http://link.aps.org/doi/10.1103/PhysRevB.42.9903}
}

@article{vuik,
  author={A Vuik and D Eeltink and A R Akhmerov and M Wimmer},
  title={Effects of the electrostatic environment on the Majorana nanowire devices},
  journal={New Journal of Physics},
  volume={18},
  number={3},
  pages={033013},
  url={http://stacks.iop.org/1367-2630/18/i=3/a=033013},
  year={2016}}

@article{nichelle2017scalingzbp,
  title={Scaling of Majorana Zero-Bias Conductance Peaks},
  author={Nichele, Fabrizio and Drachmann, Asbj\orn C. C.  and Whiticar, Alexander M. and O'Farrell, Eoin C. T. and Suominen, Henri J.  and Fornieri, Antonio and Wang, Tian and Gardner, Geoffrey C. and Thomas, Candice and Hatke, Anthony T. and Krogstrup, Peter and Manfra, Michael J. and Flensberg, Karsten and Marcus Charles M. },
  journal={arXiv preprint  arXiv:1706.07033},
  year={2017},
  url = {https://arxiv.org/abs/1706.07033}
}

@article{lee2017inas2deg,
  title={Transport studies of epi-Al/InAs 2DEG systems for required building-blocks in topological superconductor networks},
  author={Lee, Joon Sue and Shojaei, Borzoyeh and Pendharkar, Mihir and McFadden, Anthony P. and Kim, Younghyun and Suominen, Henri J. and Kjaergaard, Morten and Nichele, Fabrizio and Marcus, Charles M.  and Palmstrøm Chris J. },
  journal={arXiv preprint   arXiv:1705.05049},
  year={2017},
  url = {https://arxiv.org/abs/1705.050493}
}

@article{cleuziou2006carbon,
  title={Carbon nanotube superconducting quantum interference device},
  author={Cleuziou, J-P and Wernsdorfer, Wolfgang and Bouchiat, V and Ondar{\c{c}}uhu, Th and Monthioux, M},
  journal={Nature nanotechnology},
  volume={1},
  number={1},
  pages={53--59},
  year={2006},
  publisher={Nature Publishing Group},
  url = {http://www.nature.com/nnano/journal/v1/n1/abs/nnano.2006.54.html?foxtrotcallback=true}
}





@article{pekola2008hysteresis,
  title = {Origin of Hysteresis in a Proximity Josephson Junction},
  author = {Courtois, H. and Meschke, M. and Peltonen, J. T. and Pekola, J. P.},
  journal = {Phys. Rev. Lett.},
  volume = {101},
  issue = {6},
  pages = {067002},
  numpages = {4},
  year = {2008},
  month = {Aug},
  publisher = {American Physical Society},
  doi = {10.1103/PhysRevLett.101.067002},
  url = {https://link.aps.org/doi/10.1103/PhysRevLett.101.067002}
}

@article{Lehnert1999fractional,
  title = {Nonequilibrium ac Josephson Effect in Mesoscopic Nb-InAs-Nb Junctions},
  author = {Lehnert, K. W. and Argaman, N. and Blank, H.-R. and Wong, K. C. and Allen, S. J. and Hu, E. L. and Kroemer, H.},
  journal = {Phys. Rev. Lett.},
  volume = {82},
  issue = {6},
  pages = {1265--1268},
  numpages = {0},
  year = {1999},
  month = {Feb},
  publisher = {American Physical Society},
  doi = {10.1103/PhysRevLett.82.1265},
  url = {https://link.aps.org/doi/10.1103/PhysRevLett.82.1265}
}

@article{Dubos2001fractional,
  title = {Coherent Low-Energy Charge Transport in a Diffusive S-N-S Junction},
  author = {Dubos, P. and Courtois, H. and Buisson, O. and Pannetier, B.},
  journal = {Phys. Rev. Lett.},
  volume = {87},
  issue = {20},
  pages = {206801},
  numpages = {4},
  year = {2001},
  month = {Oct},
  publisher = {American Physical Society},
  doi = {10.1103/PhysRevLett.87.206801},
  url = {https://link.aps.org/doi/10.1103/PhysRevLett.87.206801}
}

@article{dinsmore2008fractional,
  title={Fractional order Shapiro steps in superconducting nanowires},
  author={Dinsmore III, Robert C and Bae, Myung-Ho and Bezryadin, Alexey},
  journal={Applied physics letters},
  volume={93},
  number={19},
  pages={192505},
  year={2008},
  publisher={AIP},
  url = {http://aip.scitation.org/doi/abs/10.1063/1.3012360},
  doi = {http://dx.doi.org/10.1063/1.3012360}
}

@article{PhysRevLett.92.257005,
  title = {Half-Integer Shapiro Steps at the $0\mathrm{\text{\ensuremath{-}}}\ensuremath{\pi}$ Crossover of a Ferromagnetic Josephson Junction},
  author = {Sellier, Hermann and Baraduc, Claire and Lefloch, F, and Calemczuk, Roberto},
  journal = {Phys. Rev. Lett.},
  volume = {92},
  issue = {25},
  pages = {257005},
  numpages = {4},
  year = {2004},
  month = {Jun},
  publisher = {American Physical Society},
  doi = {10.1103/PhysRevLett.92.257005},
  url = {http://link.aps.org/doi/10.1103/PhysRevLett.92.257005}
}

@article{PhysRevB.63.214512,
  title = {Coexistence of stable and metastable $0$ and $\ensuremath{\pi}$ states in Josephson junctions},
  author = {Radovi\ifmmode \acute{c}\else \'{c}\fi{}, Z. and Dobrosavljevi\ifmmode \acute{c}\else \'{c}\fi{}-Gruji\ifmmode \acute{c}\else \'{c}\fi{}, L. and Vuji\ifmmode \check{c}\else \v{c}\fi{}i\ifmmode \acute{c}\else \'{c}\fi{}, B.},
  journal = {Phys. Rev. B},
  volume = {63},
  issue = {21},
  pages = {214512},
  numpages = {6},
  year = {2001},
  month = {May},
  publisher = {American Physical Society},
  doi = {10.1103/PhysRevB.63.214512},
  url = {http://link.aps.org/doi/10.1103/PhysRevB.63.214512}
}

@article{deng2012ZBP,
  title={Anomalous zero-bias conductance peak in a Nb-InSb nanowire-Nb hybrid device},
  author={Deng, Ming Tang and Yu, Chun Lin and Huang, Guang Yao and Larsson, Marcus and Caroff, Philippe and Xu, Hong Qi},
  journal={Nano Letters},
  volume = {12},
  number = {12},
  pages = {6414-6419},
  year={2012},
  publisher={ACS Publications},
  url = {http://pubs.acs.org/doi/abs/10.1021/nl303758w},
  doi = {10.1021/nl303758w}
}

@article{deng2014parity,
  title={Parity independence of the zero-bias conductance peak in a nanowire based topological superconductor-quantum dot hybrid device},
  author={Deng, M T and Yu, C L and Huang, G Y and Larsson, Marcus and Caroff, Philippe and Xu, H Q},
  journal={Scientific reports},
  volume={4},
  year={2014},
  publisher={Nature Publishing Group},
  url = {https://www.nature.com/articles/srep07261},
  doi = {10.1038/srep07261}
}

@article{Harlingen2013ZBP,
  title = {Anomalous Modulation of a Zero-Bias Peak in a Hybrid Nanowire-Superconductor Device},
  author = {Finck, A. D. K. and Van Harlingen, D. J. and Mohseni, P. K. and Jung, K. and Li, X.},
  journal = {Phys. Rev. Lett.},
  volume = {110},
  issue = {12},
  pages = {126406},
  numpages = {5},
  year = {2013},
  month = {Mar},
  publisher = {American Physical Society},
  doi = {10.1103/PhysRevLett.110.126406},
  url = {https://link.aps.org/doi/10.1103/PhysRevLett.110.126406}
}

@article{Cuevas2007,
  title = {Magnetic Interference Patterns and Vortices in Diffusive SNS Junctions},
  author = {Cuevas, J. C. and Bergeret, F. S.},
  journal = {Phys. Rev. Lett.},
  volume = {99},
  issue = {21},
  pages = {217002},
  numpages = {4},
  year = {2007},
  month = {Nov},
  publisher = {American Physical Society},
  doi = {10.1103/PhysRevLett.99.217002},
  url = {http://link.aps.org/doi/10.1103/PhysRevLett.99.217002}
}

@article{PhysRevLett.97.067006,
  title = {Superconducting Atomic Contacts under Microwave Irradiation},
  author = {Chauvin, M. and vom Stein, P. and Pothier, H. and Joyez, P. and Huber, M. E. and Esteve, D. and Urbina, C.},
  journal = {Phys. Rev. Lett.},
  volume = {97},
  issue = {6},
  pages = {067006},
  numpages = {4},
  year = {2006},
  month = {Aug},
  publisher = {American Physical Society},
  doi = {10.1103/PhysRevLett.97.067006},
  url = {https://link.aps.org/doi/10.1103/PhysRevLett.97.067006}
}
