@Article{Goffman2017,
  author  = {Goffman, Marcelo Fabian and Urbina, Cristian and Pothier, Hugues and Nygard, Jesper and Marcus, Charles and Krogstrup, Peter},
  title   = {Conduction Channels of an InAs-Al nanowire Josephson weak link},
  journal = {New Journal of Physics},
  year    = {2017},
  volume  = {19},
  number  = {9},
  pages   = {092002},
  doi = {10.1088/1367-2630},
  url     = {http://stacks.iop.org/1367-2630/19/i=9/a=092002},
}

@Data{Zuo2017,
  author    = {Zuo, Kun and Mourik, Vincent and Szombati, Daniel B and Nijholt, Bas and van Woerkom, David J and Geresdi, Attila and Chen, Jun and Ostroukh, Viacheslav P and Akhmerov, Anton R and Plissard, Sebasti{\'e}n R and Bakkers, Erik P. A. M. and Kouwenhoven, Leo P},
  title     = {Supercurrent interference in few-mode nanowire {J}osephson junctions},
  year      = {2017},
  note      = {Dataset},
  doi       = {10.4121/uuid:daa83d96-85d6-4739-841e-52abc86b6b15},
  publisher = {Delft University of Technology},
}

@Article{Bulaevskii1977,
  author  = {Bulaevskii, L N and Kuzii, V V and Sobyanin, A A},
  title   = {Superconducting system with weak coupling to the current in the ground state},
  journal = {JETP Lett},
  year    = {1977},
  volume  = {25},
  number  = {7},
  pages   = {290--294},
  url     = {http://www.jetpletters.ac.ru/ps/1410/article_21163.pdf},
}


@Article{Buzdin1982,
  author  = {Buzdin, A I and Bulaevskii, L N and Panyukov, S V},
  title   = {Critical-current oscillations as a function of the exchange field and thickness of the ferromagnetic metal (F) in an SFS Josephson junction},
  journal = {JETP Lett},
  year    = {1982},
  volume  = {35},
  number  = {178},
  pages   = {103--104},
  url     = {http://www.jetpletters.ac.ru/ps/1314/article_19853.pdf},
}
