@Article{Aguado2017,
  author  = {Aguado, R.},
  title   = {Majorana quasiparticles in condensed matter},
  journal = {Riv. Nuovo Cimento},
  year    = {2017},
  volume  = {40},
  pages   = {523--593},
  doi     = {10.1393/ncr/i2017-10141-9},
  issue   = {11},
}

@Book{Tinkham2004,
  title     = {Introduction to Superconductivity},
  publisher = {Dover Publications},
  year      = {2004},
  author    = {Tinkham, M.},
  type      = {Book},
}
