@article{Cole2015,
  title = "Effects of large induced superconducting gap on semiconductor {Majorana} nanowires",
  author = {Cole, William S. and Das Sarma, S. and Stanescu, Tudor D.},
  journal = {Phys. Rev. B},
  volume = {92},
  issue = {17},
  pages = {174511},
  numpages = {8},
  year = {2015},
  month = {Nov},
  publisher = {American Physical Society},
  doi = {10.1103/PhysRevB.92.174511},
  url = {https://link.aps.org/doi/10.1103/PhysRevB.92.174511}
}

@article{Aasen2016,
   author = {Aasen, David and Hell, Michael and Mishmash, Ryan V. and Higginbotham, Andrew and Danon, Jeroen and Leijnse, Martin and Jespersen, Thomas S. and Folk, Joshua A. and Marcus, Charles M. and Flensberg, Karsten and Alicea, Jason},
   title = "Milestones Toward {Majorana}-Based Quantum Computing",
   journal = {Phys. Rev. X},
   volume = {6},
   number = {3},
   pages = {031016},
   DOI = {10.1103/PhysRevX.6.031016},
   url = {https://link.aps.org/doi/10.1103/PhysRevX.6.031016},
   year = {2016},
   type = {Journal Article}
}

@article{Albrecht2016,
   author = {Albrecht, S. M. and Higginbotham, A. P. and Madsen, M. and Kuemmeth, F. and Jespersen, T. S. and Nyg\r{a}rd, J. and Krogstrup, P. and Marcus, C. M.},
   title = "Exponential protection of zero modes in {Majorana} islands",
   journal = {Nature},
   volume = {531},
   pages = {206},
   DOI = {10.1038/nature17162},
   url = {http://dx.doi.org/10.1038/nature17162},
   year = {2016},
   type = {Journal Article}
}

@article{Antipov2018,
  title = {Effects of Gate-Induced Electric Fields on Semiconductor Majorana Nanowires},
  author = {Antipov, Andrey E. and Bargerbos, Arno and Winkler, Georg W. and Bauer, Bela and Rossi, Enrico and Lutchyn, Roman M.},
  journal = {Phys. Rev. X},
  volume = {8},
  issue = {3},
  pages = {031041},
  numpages = {18},
  year = {2018},
  month = {Aug},
  publisher = {American Physical Society},
  doi = {10.1103/PhysRevX.8.031041},
  url = {https://link.aps.org/doi/10.1103/PhysRevX.8.031041}
}

@article{Chang2015,
   author = {Chang, W. and Albrecht, S. M. and Jespersen, T. S. and Kuemmeth, F. and Krogstrup, P. and Nyg\r{a}rd, J. and Marcus, C. M.},
   title = "Hard gap in epitaxial semiconductor-superconductor nanowires",
   journal = {Nat. Nanotech.},
   volume = {10},
   pages = {232},
   DOI = {10.1038/nnano.2014.306},
   url = {http://dx.doi.org/10.1038/nnano.2014.306},
   year = {2015},
   type = {Journal Article}
}

@article{DeMoor2018,
  author={Michiel W A de Moor and Jouri D S Bommer and Di Xu and Georg W Winkler and Andrey E Antipov and Arno Bargerbos and Guanzhong
Wang and Nick van Loo and Roy L M Op het Veld and Sasa Gazibegovic and Diana Car and John A Logan and Mihir Pendharkar and Joon
Sue Lee and Erik P A M Bakkers and Chris J Palmstr{\o}m and Roman M Lutchyn and Leo P Kouwenhoven and Hao Zhang},
  title="Electric field tunable superconductor-semiconductor coupling in Majorana nanowires",
  journal={New J. of Phys.},
  volume={20},
  number={10},
  pages={103049},
  doi={10.1088/1367-2630/aae61d},
  url={http://stacks.iop.org/1367-2630/20/i=10/a=103049},
  year={2018},
}
    

@article{Deng2016,
   author = {Deng, M. T. and Vaitiek\.{e}nas, S. and Hansen, E. B. and Danon, J. and Leijnse, M. and Flensberg, K. and Nyg\r{a}rd, J. and Krogstrup, P. and Marcus, C. M.},
   title = "{Majorana} bound state in a coupled quantum-dot hybrid-nanowire system",
   journal = {Science},
   volume = {354},
   number = {6319},
   pages = {1557-1562},
   DOI = {10.1126/science.aaf3961},
   url = {http://science.sciencemag.org/content/sci/354/6319/1557.full.pdf},
   year = {2016},
   type = {Journal Article}
}

@article{Du1999,
   author = {Du, Qiang and Wu, Xiaonan},
   title = "Numerical Solution of the Three-Dimensional {Ginzburg--Landau} Models Using Artificial Boundary",
   journal = {SIAM J. Numer. Anal.},
   volume = {36},
   number = {5},
   pages = {1482-1506},
   DOI = {10.1137/s0036142997330317},
   url = {https://epubs.siam.org/doi/abs/10.1137/S0036142997330317},
   year = {1999},
   type = {Journal Article}
}

@article{Fasth2007,
   author = {Fasth, C. and Fuhrer, A. and Samuelson, L. and Golovach, Vitaly N. and Loss, Daniel},
   title = "Direct Measurement of the Spin-Orbit Interaction in a Two-Electron {InAs} Nanowire Quantum Dot",
   journal = {Phys. Rev. Lett.},
   volume = {98},
   number = {26},
   pages = {266801},
   DOI = {10.1103/PhysRevLett.98.266801},
   url = {https://link.aps.org/doi/10.1103/PhysRevLett.98.266801},
   year = {2007},
   type = {Journal Article}
}

@article{Hansen2005,
  title = "Spin relaxation in {InAs} nanowires studied by tunable weak antilocalization",
  author = {Hansen, A. E. and Bj\"ork, M. T. and Fasth, C. and Thelander, C. and Samuelson, L.},
  journal = {Phys. Rev. B},
  volume = {71},
  issue = {20},
  pages = {205328},
  numpages = {5},
  year = {2005},
  month = {May},
  publisher = {American Physical Society},
  doi = {10.1103/PhysRevB.71.205328},
  url = {https://link.aps.org/doi/10.1103/PhysRevB.71.205328}
}

@article{Fu2008,
   author = {Fu, Liang and Kane, C. L.},
   title = "Superconducting Proximity Effect and {Majorana} Fermions at the Surface of a Topological Insulator",
   journal = {Phys. Rev. Lett.},
   volume = {100},
   number = {9},
   pages = {096407},
   url = {https://link.aps.org/doi/10.1103/PhysRevLett.100.096407},
   year = {2008},
   doi = {10.1103/PhysRevLett.100.096407},
   type = {Journal Article}
}

@article{Gazibegovic2017,
   author = {Gazibegovic, Sasa and Car, Diana and Zhang, Hao and Balk, Stijn C. and Logan, John A. and De Moor, Michiel W. A. and Cassidy, Maja C. and Schmits, Rudi and Xu, Di and Wang, Guanzhong and Krogstrup, Peter and Op het Veld, Roy L. M. and Zuo, Kun and Vos, Yoram and Shen, Jie and Bouman, Dani\"{e}l and Shojaei, Borzoyeh and Pennachio, Daniel and Lee, Joon Sue and van Veldhoven, Petrus J. and Koelling, Sebastian and Verheijen, Marcel A. and Kouwenhoven, Leo P. and Palmstr{\o}m, Chris J. and Bakkers, Erik P. A. M.},
   title = "Epitaxy of advanced nanowire quantum devices",
   journal = {Nature},
   volume = {548},
   pages = {434},
   DOI = {10.1038/nature23468},
   url = {http://dx.doi.org/10.1038/nature23468},
   year = {2017},
   type = {Journal Article}
}

@article{Gropp1996,
   author = {Gropp, William D. and Kaper, Hans G. and Leaf, Gary K. and Levine, David M. and Palumbo, Mario and Vinokur, Valerii M.},
   title = "Numerical Simulation of Vortex Dynamics in Type-{II} Superconductors",
   journal = {J. Comput. Phys.},
   volume = {123},
   number = {2},
   pages = {254-266},
   ISSN = {0021-9991},
   DOI = {10.1006/jcph.1996.0022},
   url = {http://www.sciencedirect.com/science/article/pii/S0021999196900224},
   year = {1996},
   type = {Journal Article}
}

@article{Groth2014,
   author = {Groth, Christoph W. and Wimmer, Michael and Akhmerov, Anton R. and Waintal, Xavier},
   title = "Kwant: a software package for quantum transport",
   journal = {New J. Phys.},
   volume = {16},
   number = {6},
   pages = {063065},
   ISSN = {1367-2630},
   url = {http://stacks.iop.org/1367-2630/16/i=6/a=063065},
   year = {2014},
   doi = {10.1088/1367-2630/16/6/063065},
   type = {Journal Article}
}

@article{BalMaj,
   author = {G\"{u}l, {\"{O}}. and Zhang, H. and Bommer, J. D. S. and De Moor, M. W. A. and Car, D. and Plissard, S. R. and Bakkers, E.P.A.M and Geresdi, A. and Watanabe, K. and Taniguchi, T. and Kouwenhoven, L. P.},
   title = "Ballistic {Majorana} nanowire devices",
   journal = {Nat. Nanotech.},
   volume = {13},
   number = {3},
   pages = {192-197},
   ISSN = {1748-3395 (Electronic)
1748-3387 (Linking)},
   DOI = {10.1038/s41565-017-0032-8},
   url = {https://www.ncbi.nlm.nih.gov/pubmed/29335565},
   year = {2018},
   type = {Journal Article}
}

@article{HardGap,
   author = {G\"{u}l, \"{O}nder and Zhang, Hao and de Vries, Folkert K. and van Veen, Jasper and Zuo, Kun and Mourik, Vincent and Conesa-Boj, Sonia and Nowak, Micha\l{} P. and van Woerkom, David J. and Quintero-P\'erez, Marina and Cassidy, Maja C. and Geresdi, Attila and Koelling, Sebastian and Car, Diana and Plissard, S\'ebastien R. and Bakkers, Erik P. A. M. and Kouwenhoven, Leo P.},
   title = "Hard Superconducting Gap in {InSb} Nanowires",
   journal = {Nano Lett.},
   volume = {17},
   number = {4},
   pages = {2690-2696},
   ISSN = {1530-6984},
   DOI = {10.1021/acs.nanolett.7b00540},
   url = {https://doi.org/10.1021/acs.nanolett.7b00540},
   year = {2017},
   type = {Journal Article}
}

@article{Hofstader1976,
   author = {Hofstadter, Douglas R.},
   title = "Energy levels and wave functions of {Bloch} electrons in rational and irrational magnetic fields",
   journal = {Phys. Rev. B},
   volume = {14},
   number = {6},
   pages = {2239-2249},
   DOI = {10.1103/PhysRevB.14.2239},
   url = {https://link.aps.org/doi/10.1103/PhysRevB.14.2239},
   year = {1976},
   type = {Journal Article}
}

@article{Isaacson1968,
   author = {Isaacson, R. A.},
   title = "Electron Spin Resonance in n-Type {InSb}",
   journal = {Phys. Rev.},
   volume = {169},
   number = {2},
   pages = {312-314},
   url = {https://link.aps.org/doi/10.1103/PhysRev.169.312},
   year = {1968},
   doi = {10.1103/PhysRev.169.312},
   type = {Journal Article}
}

@article{JakobHelical,
   author = {Kammhuber, J. and Cassidy, M. C. and Pei, F. and Nowak, M. P. and Vuik, A. and G\"{u}l, \"{O} and Car, D. and Plissard, S. R. and Bakkers, E. P. A. M. and Wimmer, M. and Kouwenhoven, L. P.},
   title = "Conductance through a helical state in an Indium antimonide nanowire",
   journal = {Nat. Commun.},
   volume = {8},
   number = {1},
   pages = {478},
   ISSN = {2041-1723},
   DOI = {10.1038/s41467-017-00315-y},
   url = {https://doi.org/10.1038/s41467-017-00315-y},
   year = {2017},
   type = {Journal Article}
}

@article{JakobQuant,
   author = {Kammhuber, Jakob and Cassidy, Maja C. and Zhang, Hao and G\"{u}l, \"{O}nder and Pei, Fei and De Moor, Michiel W. A. and Nijholt, Bas and Watanabe, Kenji and Taniguchi, Takashi and Car, Diana and Plissard, S\'ebastien R. and Bakkers, Erik P. A. M. and Kouwenhoven, Leo P.},
   title = "Conductance Quantization at Zero Magnetic Field in {InSb} Nanowires",
   journal = {Nano Lett.},
   volume = {16},
   number = {6},
   pages = {3482-3486},
   ISSN = {1530-6984},
   DOI = {10.1021/acs.nanolett.6b00051},
   url = {https://doi.org/10.1021/acs.nanolett.6b00051},
   year = {2016},
   type = {Journal Article}
}

@article{Karzig2017,
   author = {Karzig, Torsten and Knapp, Christina and Lutchyn, Roman M. and Bonderson, Parsa and Hastings, Matthew B. and Nayak, Chetan and Alicea, Jason and Flensberg, Karsten and Plugge, Stephan and Oreg, Yuval and Marcus, Charles M. and Freedman, Michael H.},
   title = "Scalable designs for quasiparticle-poisoning-protected topological quantum computation with {Majorana} zero modes",
   journal = {Phys. Rev. B},
   volume = {95},
   number = {23},
   pages = {235305},
   url = {https://link.aps.org/doi/10.1103/PhysRevB.95.235305},
   year = {2017},
   doi = {10.1103/PhysRevB.95.235305},
   type = {Journal Article}
}

@article{Kitaev2001,
   author = {Kitaev, A. Yu},
   title = "Unpaired {Majorana} fermions in quantum wires",
   journal = {Phys. Usp.},
   volume = {44},
   number = {10S},
   pages = {131},
   ISSN = {1063-7869},
   url = {http://stacks.iop.org/1063-7869/44/i=10S/a=S29},
   year = {2001},
   doi = {10.1070/1063-7869/44/10S/S29},
   type = {Journal Article}
}

@article{Kitaev2003,
   author = {Kitaev, A. Yu},
   title = "Fault-tolerant quantum computation by anyons",
   journal = {Annals of Physics},
   volume = {303},
   number = {1},
   pages = {2-30},
   ISSN = {0003-4916},
   DOI = {10.1016/S0003-4916(02)00018-0},
   url = {http://www.sciencedirect.com/science/article/pii/S0003491602000180},
   year = {2003},
   type = {Journal Article}
}

@article{Krogstrup2015,
   author = {Krogstrup, P. and Ziino, N. L. B. and Chang, W. and Albrecht, S. M. and Madsen, M. H. and Johnson, E. and Nyg\r{a}rd, J. and Marcus, C.  M and Jespersen, T. S.},
   title = "Epitaxy of semiconductor–superconductor nanowires",
   journal = {Nat. Mater.},
   volume = {14},
   pages = {400},
   DOI = {10.1038/nmat4176},
   url = {http://dx.doi.org/10.1038/nmat4176},
   year = {2015},
   type = {Journal Article}
}

@article{LutchynReview,
   author = {Lutchyn, R. M. and Bakkers, E. P. A. M. and Kouwenhoven, L. P. and Krogstrup, P. and Marcus, C. M. and Oreg, Y.},
   title = "{Majorana} zero modes in superconductor{-}semiconductor heterostructures",
   journal = {Nat. Rev. Mater.},
   volume = {3},
   number = {5},
   pages = {52-68},
   ISSN = {2058-8437},
   DOI = {10.1038/s41578-018-0003-1},
   url = {https://doi.org/10.1038/s41578-018-0003-1},
   year = {2018},
   type = {Journal Article}
}

@article{Lutchyn2010,
   author = {Lutchyn, Roman M. and Sau, Jay D. and Das Sarma, S.},
   title = "{Majorana} Fermions and a Topological Phase Transition in Semiconductor-Superconductor Heterostructures",
   journal = {Phys. Rev. Lett.},
   volume = {105},
   number = {7},
   pages = {077001},
   url = {https://link.aps.org/doi/10.1103/PhysRevLett.105.077001},
   year = {2010},
   doi = {10.1103/PhysRevLett.105.077001},
   type = {Journal Article}
}

@article{Mourik2012,
   author = {Mourik, V. and Zuo, K. and Frolov, S. M. and Plissard, S. R. and Bakkers, E. P. A. M. and Kouwenhoven, L. P.},
   title = "Signatures of {Majorana} Fermions in Hybrid Superconductor-Semiconductor Nanowire Devices",
   journal = {Science},
   volume = {336},
   number = {6084},
   pages = {1003-1007},
   DOI = {10.1126/science.1222360},
   url = {http://science.sciencemag.org/content/sci/336/6084/1003.full.pdf},
   year = {2012},
   type = {Journal Article}
}

@article{NadjPerge2012,
   author = {Nadj-Perge, S. and Pribiag, V. S. and van den Berg, J. W. G. and Zuo, K. and Plissard, S. R. and Bakkers, E. P. A. M. and Frolov, S. M. and Kouwenhoven, L. P.},
   title = "Spectroscopy of Spin-Orbit Quantum Bits in Indium Antimonide Nanowires",
   journal = {Phys. Rev. Lett.},
   volume = {108},
   number = {16},
   pages = {166801},
   url = {https://link.aps.org/doi/10.1103/PhysRevLett.108.166801},
   doi = {10.1103/PhysRevLett.108.166801},
   year = {2012},
   type = {Journal Article}
}

@article{Nayak2008,
   author = {Nayak, Chetan and Simon, Steven H. and Stern, Ady and Freedman, Michael and Das Sarma, Sankar},
   title = "{Non-Abelian anyons and topological quantum computation}",
   journal = {Rev. Mod. Phys.},
   volume = {80},
   number = {3},
   pages = {1083-1159},
   url = {https://link.aps.org/doi/10.1103/RevModPhys.80.1083},
   doi = {10.1103/RevModPhys.80.1083},
   year = {2008},
   type = {Journal Article}
}

@article{Nijholt2016,
   author = {Nijholt, Bas and Akhmerov, Anton R.},
   title = "Orbital effect of magnetic field on the {Majorana} phase diagram",
   journal = {Phys. Rev. B},
   volume = {93},
   number = {23},
   pages = {235434},
   url = {https://link.aps.org/doi/10.1103/PhysRevB.93.235434},
   doi = {10.1103/PhysRevB.93.235434},
   year = {2016},
   type = {Journal Article}
}

@article{Oreg2010,
   author = {Oreg, Yuval and Refael, Gil and von Oppen, Felix},
   title = "Helical Liquids and {Majorana} Bound States in Quantum Wires",
   journal = {Phys. Rev. Lett.},
   volume = {105},
   number = {17},
   pages = {177002},
   url = {https://link.aps.org/doi/10.1103/PhysRevLett.105.177002},
   doi = {10.1103/PhysRevLett.105.177002},
   year = {2010},
   type = {Journal Article}
}

@article{Osca2014,
   author = {Osca, Javier and Ruiz, Daniel and Serra, Lloren\c{c}},
   title = "Effects of tilting the magnetic field in one-dimensional {Majorana} nanowires",
   journal = {Phys. Rev. B},
   volume = {89},
   number = {24},
   pages = {245405},
   DOI = {10.1103/PhysRevB.89.245405},
   url = {https://link.aps.org/doi/10.1103/PhysRevB.89.245405},
   year = {2014},
   type = {Journal Article}
}

@article{Pryor2006,
   author = {Pryor, Craig E. and Flatt\'e, Michael E.},
   title = "Land\'e g Factors and Orbital Momentum Quenching in Semiconductor Quantum Dots",
   journal = {Phys. Rev. Lett.},
   volume = {96},
   number = {2},
   pages = {026804},
   url = {https://link.aps.org/doi/10.1103/PhysRevLett.96.026804},
   doi = {10.1103/PhysRevLett.96.026804},
   year = {2006},
   type = {Journal Article}
}

@article{Qu2016,
   author = {Qu, Fanming and van Veen, Jasper and de Vries, Folkert K. and Beukman, Arjan J. A. and Wimmer, Michael and Yi, Wei and Kiselev, Andrey A. and Nguyen, Binh-Minh and Sokolich, Marko and Manfra, Michael J. and Nichele, Fabrizio and Marcus, Charles M. and Kouwenhoven, Leo P.},
   title = "Quantized Conductance and Large $g$-Factor Anisotropy in {InSb} Quantum Point Contacts",
   journal = {Nano Lett.},
   volume = {16},
   number = {12},
   pages = {7509-7513},
   ISSN = {1530-6984},
   DOI = {10.1021/acs.nanolett.6b03297},
   url = {https://doi.org/10.1021/acs.nanolett.6b03297},
   year = {2016},
   type = {Journal Article}
}

@article{Rex2014,
   author = {Rex, Stefan and Sudb\o, Asle},
   title = "Tilting of the magnetic field in {Majorana} nanowires: Critical angle and zero-energy differential conductance",
   journal = {Phys. Rev. B},
   volume = {90},
   number = {11},
   pages = {115429},
   DOI = {10.1103/PhysRevB.90.115429},
   url = {https://link.aps.org/doi/10.1103/PhysRevB.90.115429},
   year = {2014},
   type = {Journal Article}
}

@article{Stanescu2013,
   author = {Stanescu, Tudor D. and Lutchyn, Roman M. and Das Sarma, S.},
   title = "Dimensional crossover in spin-orbit-coupled semiconductor nanowires with induced superconducting pairing",
   journal = {Physical Rev. B},
   volume = {87},
   number = {9},
   pages = {094518},
   DOI = {10.1103/PhysRevB.87.094518},
   url = {https://link.aps.org/doi/10.1103/PhysRevB.87.094518},
   year = {2013},
   type = {Journal Article}
}

@article{Takei2013,
  title = "Soft Superconducting Gap in Semiconductor {Majorana} Nanowires",
  author = {Takei, So and Fregoso, Benjamin M. and Hui, Hoi-Yin and Lobos, Alejandro M. and Das Sarma, S.},
  journal = {Phys. Rev. Lett.},
  volume = {110},
  issue = {18},
  pages = {186803},
  numpages = {5},
  year = {2013},
  month = {Apr},
  publisher = {American Physical Society},
  doi = {10.1103/PhysRevLett.110.186803},
  url = {https://link.aps.org/doi/10.1103/PhysRevLett.110.186803}
}


@book{Tinkham,
   author = {Tinkham, M.},
   title = "Introduction to Superconductivity",
   publisher = {Dover Publications},
   year = {2004},
   type = {Book}
}

@article{VanHeck,
   author = {van Heck, B. and V\"{a}yrynen, J. I. and Glazman, L. I.},
   title = "Zeeman and spin-orbit effects in the {Andreev} spectra of nanowire junctions",
   journal = {Phys. Rev. B},
   volume = {96},
   number = {7},
   pages = {075404},
   DOI = {10.1103/PhysRevB.96.075404},
   url = {https://link.aps.org/doi/10.1103/PhysRevB.96.075404},
   year = {2017},
   type = {Journal Article}
}

@article{VanWeperen2015,
  title = "Spin-orbit interaction in {InSb} nanowires",
  author = {van Weperen, I. and Tarasinski, B. and Eeltink, D. and Pribiag, V. S. and Plissard, S. R. and Bakkers, E. P. A. M. and Kouwenhoven, L. P. and Wimmer, M.},
  journal = {Phys. Rev. B},
  volume = {91},
  issue = {20},
  pages = {201413},
  numpages = {5},
  year = {2015},
  month = {May},
  publisher = {American Physical Society},
  doi = {10.1103/PhysRevB.91.201413},
  url = {https://link.aps.org/doi/10.1103/PhysRevB.91.201413}
}


@article{DavidOneMin,
   author = {Van Woerkom, David J. and Geresdi, Attila and Kouwenhoven, Leo P.},
   title = "One minute parity lifetime of a {NbTiN} {Cooper}-pair transistor",
   journal = {Nat. Phys.},
   volume = {11},
   pages = {547},
   DOI = {10.1038/nphys3342},
   url = {http://dx.doi.org/10.1038/nphys3342},
   year = {2015},
   type = {Journal Article}
}

@article{VanWoerkom2017,
   author = {Van Woerkom, David J. and Proutski, Alex and van Heck, Bernard and Bouman, Daniël and Väyrynen, Jukka I. and Glazman, Leonid I. and Krogstrup, Peter and Nyg\r{a}rd, Jesper and Kouwenhoven, Leo P. and Geresdi, Attila},
   title = "Microwave spectroscopy of spinful {Andreev} bound states in ballistic semiconductor Josephson junctions",
   journal = {Nat. Phys.},
   volume = {13},
   pages = {876},
   DOI = {10.1038/nphys4150},
   url = {http://dx.doi.org/10.1038/nphys4150},
   year = {2017},
   type = {Journal Article}
}

@article{Winkler2017,
   author = {Winkler, Georg W. and Varjas, Dániel and Skolasinski, Rafal and Soluyanov, Alexey A. and Troyer, Matthias and Wimmer, Michael},
   title = "Orbital Contributions to the Electron g Factor in Semiconductor Nanowires",
   journal = {Phys. Rev. Lett.},
   volume = {119},
   number = {3},
   pages = {037701},
   url = {https://link.aps.org/doi/10.1103/PhysRevLett.119.037701},
   doi = {10.1103/PhysRevLett.119.037701},
   year = {2017},
   type = {Journal Article}
}

@article{BalSc,
   author = {Zhang, Hao and G\"{u}l, \"{O}nder and Conesa-Boj, Sonia and Nowak, Micha\l{} P. and Wimmer, Michael and Zuo, Kun and Mourik, Vincent and de Vries, Folkert K. and van Veen, Jasper and De Moor, Michiel W. A. and Bommer, Jouri D. S. and van Woerkom, David J. and Car, Diana and Plissard, S\'ebastien R. and Bakkers, Erik P. A. M. and Quintero-P\'erez, Marina and Cassidy, Maja C. and Koelling, Sebastian and Goswami, Srijit and Watanabe, Kenji and Taniguchi, Takashi and Kouwenhoven, Leo P.},
   title = "Ballistic superconductivity in semiconductor nanowires",
   journal = {Nat. Commun.},
   volume = {8},
   pages = {16025},
   DOI = {10.1038/ncomms16025},
   url = {http://dx.doi.org/10.1038/ncomms16025},
   year = {2017},
   type = {Journal Article}
}

@article{QZBP,
   author = {Zhang, Hao and Liu, Chun-Xiao and Gazibegovic, Sasa and Xu, Di and Logan, John A. and Wang, Guanzhong and van Loo, Nick and Bommer, Jouri D. S. and De Moor, Michiel W. A. and Car, Diana and Op het Veld, Roy L. M. and van Veldhoven, Petrus J. and Koelling, Sebastian and Verheijen, Marcel A. and Pendharkar, Mihir and Pennachio, Daniel J. and Shojaei, Borzoyeh and Lee, Joon Sue and Palmstr{\o}m, Chris J. and Bakkers, Erik P. A. M. and Sarma, S. Das and Kouwenhoven, Leo P.},
   title = "Quantized {Majorana} conductance",
   journal = {Nature},
   volume = {556},
   pages = {74},
   DOI = {10.1038/nature26142},
   url = {http://dx.doi.org/10.1038/nature26142},
   year = {2018},
   type = {Journal Article}
}

@article{Liu2017,
  title = "Role of dissipation in realistic {Majorana} nanowires",
  author = {Liu, Chun-Xiao and Sau, Jay D. and Das Sarma, S.},
  journal = {Phys. Rev. B},
  volume = {95},
  issue = {5},
  pages = {054502},
  numpages = {5},
  year = {2017},
  month = {Feb},
  publisher = {American Physical Society},
  doi = {10.1103/PhysRevB.95.054502},
  url = {https://link.aps.org/doi/10.1103/PhysRevB.95.054502}
}

@article{Danon2017,
  title = "Conductance spectroscopy on {Majorana} wires and the inverse proximity effect",
  author = {Danon, Jeroen and Hansen, Esben B. and Flensberg, Karsten},
  journal = {Phys. Rev. B},
  volume = {96},
  issue = {12},
  pages = {125420},
  numpages = {10},
  year = {2017},
  month = {Sep},
  publisher = {American Physical Society},
  doi = {10.1103/PhysRevB.96.125420},
  url = {https://link.aps.org/doi/10.1103/PhysRevB.96.125420}
}

@article{Stanescu2011,
  title = {Majorana fermions in semiconductor nanowires},
  author = {Stanescu, Tudor D. and Lutchyn, Roman M. and Das Sarma, S.},
  journal = {Phys. Rev. B},
  volume = {84},
  issue = {14},
  pages = {144522},
  numpages = {29},
  year = {2011},
  month = {Oct},
  publisher = {American Physical Society},
  doi = {10.1103/PhysRevB.84.144522},
  url = {https://link.aps.org/doi/10.1103/PhysRevB.84.144522}
}

@article{Reeg2018,
  title = {Metallization of a {Rashba} wire by a superconducting layer in the strong-proximity regime},
  author = {Reeg, Christopher and Loss, Daniel and Klinovaja, Jelena},
  journal = {Phys. Rev. B},
  volume = {97},
  issue = {16},
  pages = {165425},
  numpages = {12},
  year = {2018},
  month = {Apr},
  publisher = {American Physical Society},
  doi = {10.1103/PhysRevB.97.165425},
  url = {https://link.aps.org/doi/10.1103/PhysRevB.97.165425}
}

@article{Woods2018,
  title = "Effective theory approach to the {Schr\"odinger-Poisson} problem in semiconductor {Majorana} devices",
  author = {Woods, Benjamin D. and Stanescu, Tudor D. and Das Sarma, Sankar},
  journal = {Phys. Rev. B},
  volume = {98},
  issue = {3},
  pages = {035428},
  numpages = {28},
  year = {2018},
  month = {Jul},
  publisher = {American Physical Society},
  doi = {10.1103/PhysRevB.98.035428},
  url = {https://link.aps.org/doi/10.1103/PhysRevB.98.035428}
}

@article{Mikkelsen2018,
  title = {Hybridization at Superconductor-Semiconductor Interfaces},
  author = {Mikkelsen, August E. G. and Kotetes, Panagiotis and Krogstrup, Peter and Flensberg, Karsten},
  journal = {Phys. Rev. X},
  volume = {8},
  issue = {3},
  pages = {031040},
  numpages = {17},
  year = {2018},
  month = {Aug},
  publisher = {American Physical Society},
  doi = {10.1103/PhysRevX.8.031040},
  url = {https://link.aps.org/doi/10.1103/PhysRevX.8.031040}
}

@article{Sau2012,
  title = "Experimental and materials considerations for the topological superconducting state in electron- and hole-doped semiconductors: Searching for non-{Abelian} {Majorana} modes in 1D nanowires and 2D heterostructures",
  author = {Sau, Jay D. and Tewari, Sumanta and Das Sarma, S."},
  journal = {Phys. Rev. B},
  volume = {85},
  issue = {6},
  pages = {064512},
  numpages = {11},
  year = {2012},
  month = {Feb},
  publisher = {American Physical Society},
  doi = {10.1103/PhysRevB.85.064512},
  url = {https://link.aps.org/doi/10.1103/PhysRevB.85.064512}
}

@article{Plugge2017,
  author={Stephan Plugge and Asbjørn Rasmussen and Reinhold Egger and Karsten Flensberg},
  title={Majorana box qubits},
  doi = {10.1126/science.1113523},
  journal={New J. Phys.},
  volume={19},
  number={1},
  pages={012001},
  url={http://stacks.iop.org/1367-2630/19/i=1/a=012001},
  year={2017},
}

@article{Vuik2016,
  author={A Vuik and D Eeltink and A R Akhmerov and M Wimmer},
  title={Effects of the electrostatic environment on the {Majorana} nanowire devices},
  journal={New J. Phys.},
  volume={18},
  number={3},
  pages={033013},
  url={http://stacks.iop.org/1367-2630/18/i=3/a=033013},
  year={2016},
  doi={10.1088/1367-2630/18/3/033013},
}

@article{Car2014,
author = {Car, Diana and Wang, Jia and Verheijen, Marcel A. and Bakkers, Erik P. A. M. and Plissard, S\'{e}bastien R.},
title = {Rationally Designed Single-Crystalline Nanowire Networks},
journal = {Adv. Mater.},
year = {2014},
volume = {26},
number = {28},
pages = {4875-4879},
keywords = {nanowires, nanocrosses, networks, InSb, growth mechanisms},
doi = {10.1002/adma.201400924},
}


@article{Flohr2011,
author = {Fl\"{o}hr, Kilian  and Liebmann, Marcus  and Sladek,Kamil  and G\"{u}nel,H. Yusuf  and Frielinghaus,Robert  and Haas,Fabian  and Meyer,Carola  and Hardtdegen,Hilde  and Sch\"{a}pers,Thomas  and Gr\"{u}tzmacher,Detlev  and Morgenstern,Markus },
title = "Manipulating {InAs} nanowires with submicrometer precision",
journal = {Rev. Sci. Instrum.},
volume = {82},
number = {11},
pages = {113705},
year = {2011},
URL = {https://doi.org/10.1063/1.3657135},
doi={10.1063/1.3657135},
}


    
@article{Suyatin2007,
  author={D B Suyatin and C Thelander and M T Bj\"{o}rk and I Maximov and L Samuelson},
  title="Sulfur passivation for ohmic contact formation to {InAs} nanowires",
  journal={Nanotechnology},
  volume={18},
  number={10},
  pages={105307},
  url={http://stacks.iop.org/0957-4484/18/i=10/a=105307},
  year={2007},
  doi={10.1088/0957-4484/18/10/105307},
  abstract={We have studied the formation of ohmic contacts to InAs nanowires by chemical etching and passivation of the contact areas in an ammonium polysulfide, (NH 4 ) 2 S x , water solution. The nanowires were exposed to different dilution levels of the (NH 4 ) 2 S x solution before contact metal evaporation. A process based on a highly diluted (NH 4 ) 2 S x solution was found to be self-terminating, with minimal etching of the InAs. The stability of the contacts was investigated with electrical measurements as a function of storage time in vacuum and air.}
}

@article{AguadoReview,
author = {Aguado, R.},
title = "Majorana quasiparticles in condensed matter",
journal = {Riv. Nuovo Cimento},
volume = {40},
issue = {11},
year = {2017},
pages = {523-593},
doi = {10.1393/ncr/i2017-10141-9}
}

@article{Pan2018,
  title = "Curvature of gap closing features and the extraction of {Majorana} nanowire parameters",
  author = {Pan, Haining and Sau, Jay D. and Stanescu, Tudor D. and Das Sarma, S.},
  journal = {Phys. Rev. B},
  volume = {99},
  issue = {5},
  pages = {054507},
  numpages = {11},
  year = {2019},
  month = {Feb},
  publisher = {American Physical Society},
  doi = {10.1103/PhysRevB.99.054507},
  url = {https://link.aps.org/doi/10.1103/PhysRevB.99.054507}
}

@article{Liu2019,
  title = "Conductance smearing and anisotropic suppression of induced superconductivity in a {Majorana} nanowire",
  author = {Liu, Chun-Xiao and Sau, Jay D. and Stanescu, Tudor D. and Das Sarma, S.},
  journal = {Phys. Rev. B},
  volume = {99},
  issue = {2},
  pages = {024510},
  numpages = {17},
  year = {2019},
  month = {Jan},
  publisher = {American Physical Society},
  doi = {10.1103/PhysRevB.99.024510},
  url = {https://link.aps.org/doi/10.1103/PhysRevB.99.024510}
}

@article{Prada2012,
  title = "Transport spectroscopy of {$NS$} nanowire junctions with {Majorana} fermions",
  author = {Prada, Elsa and San-Jose, Pablo and Aguado, Ram\'on},
  journal = {Phys. Rev. B},
  volume = {86},
  issue = {18},
  pages = {180503},
  numpages = {5},
  year = {2012},
  month = {Nov},
  publisher = {American Physical Society},
  doi = {10.1103/PhysRevB.86.180503},
  url = {https://link.aps.org/doi/10.1103/PhysRevB.86.180503}
}

@article{Pientka2012,
  title = "Enhanced Zero-Bias {Majorana} Peak in the Differential Tunneling Conductance of Disordered Multisubband Quantum-Wire/Superconductor Junctions",
  author = {Pientka, Falko and Kells, Graham and Romito, Alessandro and Brouwer, Piet W. and von Oppen, Felix},
  journal = {Phys. Rev. Lett.},
  volume = {109},
  issue = {22},
  pages = {227006},
  numpages = {5},
  year = {2012},
  month = {Nov},
  publisher = {American Physical Society},
  doi = {10.1103/PhysRevLett.109.227006},
  url = {https://link.aps.org/doi/10.1103/PhysRevLett.109.227006}
}

@article{Stanescu2012,
  title = "To Close or Not to Close: The Fate of the Superconducting Gap Across the Topological Quantum Phase Transition in {Majorana}-Carrying Semiconductor Nanowires",
  author = {Stanescu, Tudor D. and Tewari, Sumanta and Sau, Jay D. and Das Sarma, S.},
  journal = {Phys. Rev. Lett.},
  volume = {109},
  issue = {26},
  pages = {266402},
  numpages = {5},
  year = {2012},
  month = {Dec},
  publisher = {American Physical Society},
  doi = {10.1103/PhysRevLett.109.266402},
  url = {https://link.aps.org/doi/10.1103/PhysRevLett.109.266402}
}
