@preamble{ {\providecommand{\BIBYu}{Yu} } }


% Below is from `not_on_crossref.bib`.

@PhdThesis{Castro2008,
  author = {Castro, Rui M},
  title  = {Active learning and adaptive sampling for non-parametric inference},
  year   = {2008},
  school = {Rice University},
}

@Article{Dyn1990,
  doi = {10.1093/imanum/10.1.137},
  url = {https://doi.org/10.1093%2Fimanum%2F10.1.137},
  year = 1990,
  publisher = {Oxford University Press ({OUP})},
  volume = {10},
  number = {1},
  pages = {137--154},
  author = {Nira Dyn and David Levin and Samuel Rippa},
  title = {Data Dependent Triangulations for Piecewise Linear Interpolation},
  journal = {{IMA} Journal of Numerical Analysis}
}

@InCollection{Figueiredo1995,
  author    = {de Figueiredo, Luiz Henrique},
  title     = {Adaptive sampling of parametric curves},
  booktitle = {Graphics Gems V},
  year      = {1995},
  publisher = {Elsevier},
  pages     = {173--178},
}

@Article{Galassi1996,
  author  = {Galassi, Mark and Davies, Jim and Theiler, James and Gough, Brian and Jungman, Gerard and Alken, Patrick and Booth, Michael and Rossi, Fabrice},
  title   = {GNU scientific library},
  journal = {No. Release},
  year    = {1996},
  volume  = {2},
}

@Article{Laeven2019,
  author  = {Laeven, Tom and Nijholt, Bas and Wimmer, Michael and Akhmerov, Anton R},
  title   = {Enhanced proximity effect in zigzag-shaped Majorana Josephson junctions},
  journal = {arXiv preprint arXiv:1903.06168},
  year    = {2019},
}

@Misc{Nijholt2018,
  author = {Bas Nijholt and Joseph Weston and Anton Akhmerov},
  title  = {Adaptive documentation},
  note   = {https://adaptive.readthedocs.io},
  year   = {2018},
}

@Article{Takhtaganov2018,
  author  = {Takhtaganov, Timur and MÃ¼ller, Juliane},
  title   = {Adaptive Gaussian process surrogates for Bayesian inference},
  journal = {arXiv preprint arXiv:1809.10784},
  year    = {2018},
}

@Article{Vuik2018,
  author  = {Vuik, Adriaan and Nijholt, Bas and Akhmerov, AR and Wimmer, Michael},
  title   = {Reproducing topological properties with quasi-Majorana states},
  journal = {arXiv preprint arXiv:1806.02801},
  year    = {2018},
}

@Online{Wolfram2011,
  author  = {Stephen Wolfram},
  title   = {Mathematica: Adaptive Plotting},
  year    = {2011},
  url     = {http://demonstrations.wolfram.com/AdaptivePlotting/},
  urldate = {2019-09-10},
}

@Misc{WolframResearch,
  author = {Wolfram Research, Inc.},
  title  = {Mathematica, Version 12.0},
  note   = {Champaign, IL, 2019},
}

% Below is from `paper.yaml` files.

@article{Alliez2003,
	doi = {10.1145/882262.882296},
	year = 2003,
	month = {jul},
	publisher = {Association for Computing Machinery ({ACM})},
	volume = {22},
	number = {3},
	pages = {485},
	author = {Pierre Alliez and David Cohen-Steiner and Olivier Devillers and Bruno L{\'{e}}vy and Mathieu Desbrun},
	title = {Anisotropic polygonal remeshing},
	journal = {{ACM} Transactions on Graphics}
}

@article{Berger1984,
	doi = {10.1016/0021-9991(84)90073-1},
	year = 1984,
	month = {mar},
	publisher = {Elsevier {BV}},
	volume = {53},
	number = {3},
	pages = {484--512},
	author = {Marsha J Berger and Joseph Oliger},
	title = {Adaptive mesh refinement for hyperbolic partial differential equations},
	journal = {J. Comput. Phys.}
}

@article{Berger1989,
	doi = {10.1016/0021-9991(89)90035-1},
	year = 1989,
	month = {may},
	publisher = {Elsevier {BV}},
	volume = {82},
	number = {1},
	pages = {64--84},
	author = {M.J. Berger and P. Colella},
	title = {Local adaptive mesh refinement for shock hydrodynamics},
	journal = {J. Comput. Phys.}
}

@article{Bommer2019,
	doi = {10.1103/physrevlett.122.187702},
	year = 2019,
	month = {may},
	publisher = {American Physical Society ({APS})},
	volume = {122},
	number = {18},
	author = {Jouri D.{\hspace{0.167em}}S. Bommer and Hao Zhang and \"{O}nder G\"{u}l and Bas Nijholt and Michael Wimmer and Filipp N. Rybakov and Julien Garaud and Donjan Rodic and Egor Babaev and Matthias Troyer and Diana Car and S{\'{e}}bastien R. Plissard and Erik P.{\hspace{0.167em}}A.{\hspace{0.167em}}M. Bakkers and Kenji Watanabe and Takashi Taniguchi and Leo P. Kouwenhoven},
	title = {Spin-Orbit Protection of Induced Superconductivity in {M}ajorana Nanowires},
	journal = {Phys. Rev. Lett.}
}

@article{Chen2017,
	doi = {10.1088/1361-6501/aa7d31},
	year = 2017,
	month = {sep},
	publisher = {{IOP} Publishing},
	volume = {28},
	number = {10},
	pages = {105005},
	author = {Yuhang Chen and Chaoyang Peng},
	title = {Intelligent adaptive sampling guided by Gaussian process inference},
	journal = {Measurement Science and Technology}
}

@article{Clenshaw1960,
	doi = {10.1007/bf01386223},
	year = 1960,
	month = {dec},
	publisher = {Springer Science and Business Media {LLC}},
	volume = {2},
	number = {1},
	pages = {197--205},
	author = {C. W. Clenshaw and A. R. Curtis},
	title = {A method for numerical integration on an automatic computer},
	journal = {Numerische Mathematik}
}

@inproceedings{DeRose1998,
	doi = {10.1145/280814.280826},
	year = 1998,
	publisher = {{ACM} Press},
	author = {Tony DeRose and Michael Kass and Tien Truong},
	title = {Subdivision surfaces in character animation},
	booktitle = {Proceedings of the 25th annual conference on Computer graphics and interactive techniques  - {SIGGRAPH} {\textquotesingle}98}
}

@article{Emery1998,
	doi = {10.1088/0957-0233/9/6/003},
	year = 1998,
	month = {jun},
	publisher = {{IOP} Publishing},
	volume = {9},
	number = {6},
	pages = {864--876},
	author = {A F Emery and Aleksey V Nenarokomov},
	title = {Optimal experiment design},
	journal = {Measurement Science and Technology}
}

@article{Gonnet2010,
	doi = {10.1145/1824801.1824804},
	year = 2010,
	month = {sep},
	publisher = {Association for Computing Machinery ({ACM})},
	volume = {37},
	number = {3},
	pages = {1--32},
	author = {Pedro Gonnet},
	title = {Increasing the Reliability of Adaptive Quadrature Using Explicit Interpolants},
	journal = {{ACM} Transactions on Mathematical Software}
}

@inproceedings{Gramacy2004,
	doi = {10.1145/1015330.1015367},
	year = 2004,
	publisher = {{ACM} Press},
	author = {Robert B. Gramacy and Herbert K. H. Lee and William G. Macready},
	title = {Parameter space exploration with Gaussian process trees},
	booktitle = {Twenty-first international conference on Machine learning  - {ICML} {\textquotesingle}04}
}

@book{Hu2006,
	doi = {10.1002/047005588x},
	year = 2006,
	month = {apr},
	publisher = {John Wiley {\&} Sons, Inc.},
	author = {Feifang Hu and William F. Rosenberger},
	title = {The Theory of Response-Adaptive Randomization in Clinical Trials}
}

@article{Klein1999,
	doi = {10.1016/s0377-0427(99)00156-9},
	year = 1999,
	month = {sep},
	publisher = {Elsevier {BV}},
	volume = {109},
	number = {1-2},
	pages = {123--152},
	author = {Richard I. Klein},
	title = {Star formation with 3-D adaptive mesh refinement: the collapse and fragmentation of molecular clouds},
	journal = {Journal of Computational and Applied Mathematics}
}

@article{Melo2019,
	doi = {10.21468/scipostphys.7.3.039},
	year = 2019,
	month = {sep},
	publisher = {Stichting {SciPost}},
	volume = {7},
	number = {3},
	author = {Andr{\'{e}} Melo and Sebastian Rubbert and Anton Akhmerov},
	title = {Supercurrent-induced {M}ajorana bound states in a planar geometry},
	journal = {{SciPost} Physics}
}

@article{Nijholt2016,
	doi = {10.1103/PhysRevB.93.235434},
	year = 2016,
	month = {jun},
	publisher = {American Physical Society ({APS})},
	volume = {93},
	number = {23},
	author = {Bas Nijholt and Anton R. Akhmerov},
	title = {Orbital effect of magnetic field on the {M}ajorana phase diagram},
	journal = {Phys. Rev. B}
}

@Article{Nijholt2019,
  doi = {10.5281/ZENODO.1182437},
  author = {Nijholt, Bas and Weston, Joseph and {JornHoofwijk} and Akhmerov, Anton},
  title = {python-adaptive/adaptive: version 0.8.0},
  publisher = {Zenodo},
  year = {2019}
}


@article{Visvalingam1990,
	doi = {10.1111/j.1467-8659.1990.tb00398.x},
	year = 1990,
	month = {sep},
	publisher = {Wiley},
	volume = {9},
	number = {3},
	pages = {213--225},
	author = {M. Visvalingam and J. D. Whyatt},
	title = {The Douglas-Peucker Algorithm for Line Simplification: Re-evaluation through Visualization},
	journal = {Computer Graphics Forum}
}

