@PhdThesis{Castro2008,
  author = {Castro, Rui M},
  title  = {Active learning and adaptive sampling for non-parametric inference},
  year   = {2008},
  school = {Rice University},
}

@Article{Dyn1990,
  doi = {10.1093/imanum/10.1.137},
  url = {https://doi.org/10.1093%2Fimanum%2F10.1.137},
  year = 1990,
  publisher = {Oxford University Press ({OUP})},
  volume = {10},
  number = {1},
  pages = {137--154},
  author = {Nira Dyn and David Levin and Samuel Rippa},
  title = {Data Dependent Triangulations for Piecewise Linear Interpolation},
  journal = {{IMA} Journal of Numerical Analysis}
}

@InCollection{Figueiredo1995,
  author    = {de Figueiredo, Luiz Henrique},
  title     = {Adaptive sampling of parametric curves},
  booktitle = {Graphics Gems V},
  year      = {1995},
  publisher = {Elsevier},
  pages     = {173--178},
}

@Article{Galassi1996,
  author  = {Galassi, Mark and Davies, Jim and Theiler, James and Gough, Brian and Jungman, Gerard and Alken, Patrick and Booth, Michael and Rossi, Fabrice},
  title   = {GNU scientific library},
  journal = {No. Release},
  year    = {1996},
  volume  = {2},
}

@Article{Laeven2019,
  author  = {Laeven, Tom and Nijholt, Bas and Wimmer, Michael and Akhmerov, Anton R},
  title   = {Enhanced proximity effect in zigzag-shaped Majorana Josephson junctions},
  journal = {arXiv preprint arXiv:1903.06168},
  year    = {2019},
}

@Article{Melo2019,
  author  = {Melo, André and Rubbert, Sebastian and Akhmerov, Anton R},
  title   = {Supercurrent-induced Majorana bound states in a planar geometry},
  journal = {arXiv preprint arXiv:1905.02725},
  year    = {2019},
}

@Misc{Nijholt2018,
  author = {Bas Nijholt and Joseph Weston and Anton Akhmerov},
  title  = {Adaptive documentation},
  note   = {https://adaptive.readthedocs.io},
  year   = {2018},
}

@Article{Takhtaganov2018,
  author  = {Takhtaganov, Timur and Müller, Juliane},
  title   = {Adaptive Gaussian process surrogates for Bayesian inference},
  journal = {arXiv preprint arXiv:1809.10784},
  year    = {2018},
}

@Article{Vuik2018,
  author  = {Vuik, Adriaan and Nijholt, Bas and Akhmerov, AR and Wimmer, Michael},
  title   = {Reproducing topological properties with quasi-Majorana states},
  journal = {arXiv preprint arXiv:1806.02801},
  year    = {2018},
}

@Online{Wolfram2011,
  author  = {Stephen Wolfram},
  title   = {Mathematica: Adaptive Plotting},
  year    = {2011},
  url     = {http://demonstrations.wolfram.com/AdaptivePlotting/},
  urldate = {2019-09-10},
}

@Misc{WolframResearch,
  author = {Wolfram Research, Inc.},
  title  = {Mathematica, Version 12.0},
  note   = {Champaign, IL, 2019},
}
