@data{Nijholt2016_supplemental,
	author = {Nijholt, Bas and Akhmerov, Anton R.},
	note = {See Supplemental Material at http://link.aps.org/supplemental/10.1103/PhysRevB.93.235434 for the source code that produces the data and figures.},
	year = {2016},
}
