@Book{Kopnin2001,
  Title                    = {Theory of nonequilibrium superconductivity},
  Author                   = {Kopnin, N. B},
  Publisher                = {Clarendon Press ; Oxford University Press},
  Year                     = {2001},
  Address                  = {Oxford; New York},
  ISBN                     = {0198507887 9780198507888},
  Language                 = {English}
}

@Book{Merzbacher1997,
  Title                    = {{Quantum Mechanics}},
  Author                   = {Merzbacher, Eugen},
  Publisher                = {Wiley},
  Year                     = {1997},
  Edition                  = {3},
  Month                    = dec,
  Day                      = {24},
  HowPublished             = {Paperback},
  ISBN                     = {0471887021},
  Keywords                 = {qm},
  Posted-at                = {2007-05-06 15:22:20},
  Priority                 = {0},
  Url                      = {http://www.worldcat.org/isbn/0471887021}
}

@Book{Schmidt1997,
  Title                    = {The physics of superconductors : Introduction to fundamentals and applications},
  Author                   = {Schmidt, V. V.},
  Publisher                = {Springer},
  Year                     = {1997},
  Address                  = {Berlin; New York},
  ISSN                     = {3540612432 9783540612438 3642082513 9783642082511},
  Refid                    = {36621751}
}
