@misc{Kwant_tutorial,
author = {Groth, Christoph W and Wimmer, Michael and Akhmerov, Anton R and Waintal, Xavier},
title = {{Kwant tutorial: Discretization of a Schr\"{o}dinger Hamiltonian}},
url = {http://kwant-project.org/doc/1.0/tutorial/tutorial1},
urldate = {2015-09-11},
year = {2014}
}

@misc{topo_cm,
annote = {[Online; accessed 7-September-2015]},
author = {Akhmerov, Anton R and Sau, Jay and van Heck, Bernard and Skolasinski, Rafal and Rubbert, Sebastian},
title = {{Online course: Topology in condensed matter}},
url = {http://topocondmat.org/},
year = {2015}
}

@article{Landau1937,
  title={On the theory of phase transitions},
  author={Landau, Lev Davidovich},
  journal={Ukr. J. Phys.},
  volume={11},
  pages={19--32},
  year={1937}
}

@misc{wiki_trefoil_knot,
   author = "{Wikipedia contributors}",
   title = "Blue Trefoil Knot --- {W}ikipedia{,} The Free Encyclopedia",
   year = "2010",
   url = "https://commons.wikimedia.org/wiki/File:Blue_Trefoil_Knot.png",
   note = "[Online; accessed 31-March-2020]"
 }

@misc{wiki_unknot,
   author = "{Wikipedia contributors}",
   title = "Blue Unknot --- {W}ikipedia{,} The Free Encyclopedia",
   year = "2010",
   url = "https://en.wikipedia.org/wiki/Unknot#/media/File:Blue_Unknot.png",
   note = "[Online; accessed 31-March-2020]"
 }
